<?xml version="1.0" encoding="UTF-8"?>
<!DOCTYPE html PUBLIC "-//W3C//DTD XHTML 1.0 Transitional//EN"
    "http://www.w3.org/TR/xhtml1/DTD/xhtml1-transitional.dtd">
<html xmlns="http://www.w3.org/1999/xhtml" xml:lang="en" lang="en">
 <head>
  <title>
</title>
<meta http-equiv="Content-Type" content="text/html;charset=utf-8" />
  <meta name='ocr-system' content='tesseract 3.04.00' />
  <meta name='ocr-capabilities' content='ocr_page ocr_carea ocr_par ocr_line ocrx_word'/>
</head>
<body>
  <div class='ocr_page' id='page_1' title='image "./joannistzetzaee00tzetgoog_0025.png"; bbox 0 0 2962 5070; ppageno 0'>
   <div class='ocr_carea' id='block_1_1' title="bbox 688 221 888 283">
    <p class='ocr_par' dir='ltr' id='par_1_1' title="bbox 688 221 888 283">
     <span class='ocr_line' id='line_1_1' title="bbox 688 221 888 283; baseline 0 -15"><span class='ocrx_word' id='word_1_1' title='bbox 688 221 888 283; x_wconf 73' lang='grc'>..6-</span> 
     </span>
    </p>
   </div>
   <div class='ocr_carea' id='block_1_2' title="bbox 160 403 1417 1431">
    <p class='ocr_par' dir='ltr' id='par_1_2' title="bbox 160 403 1417 1431">
     <span class='ocr_line' id='line_1_2' title="bbox 160 403 1413 498; baseline 0.002 -18"><span class='ocrx_word' id='word_1_2' title='bbox 160 408 227 496; x_wconf 83' lang='grc' dir='ltr'><strong><em>ε’μοί</em></strong></span> <span class='ocrx_word' id='word_1_3' title='bbox 258 414 430 498; x_wconf 68' lang='grc' dir='ltr'><strong><em>γειτνιῶντα</em></strong></span> <span class='ocrx_word' id='word_1_4' title='bbox 451 417 586 497; x_wconf 89' lang='grc' dir='ltr'><strong><em>Κροῖσον</em></strong></span> <span class='ocrx_word' id='word_1_5' title='bbox 619 403 670 475; x_wconf 81' lang='grc' dir='ltr'><strong><em>καί</em></strong></span> <span class='ocrx_word' id='word_1_6' title='bbox 702 407 742 494; x_wconf 78' lang='grc' dir='ltr'><strong><em>μη</em></strong></span> <span class='ocrx_word' id='word_1_7' title='bbox 769 405 882 484; x_wconf 87' lang='grc' dir='ltr'><strong><em>ἰδόντες</em></strong></span> <span class='ocrx_word' id='word_1_8' title='bbox 908 405 1185 496; x_wconf 80' lang='grc' dir='ltr'><strong><em>όπερεθαόμασαν,</em></strong></span> <span class='ocrx_word' id='word_1_9' title='bbox 1216 413 1249 479; x_wconf 84' lang='grc' dir='ltr'><strong><em>ἰκ</em></strong></span> <span class='ocrx_word' id='word_1_10' title='bbox 1281 418 1343 481; x_wconf 88' lang='grc' dir='ltr'><strong><em>τῶν</em></strong></span> <span class='ocrx_word' id='word_1_11' title='bbox 1365 411 1413 482; x_wconf 72' lang='grc' dir='ltr'><strong><em>ὁπ’</em></strong></span> 
     </span>
     <span class='ocr_line' id='line_1_3' title="bbox 163 521 1416 614; baseline 0.002 -18"><span class='ocrx_word' id='word_1_12' title='bbox 163 527 257 596; x_wconf 84' lang='grc' dir='ltr'><strong><em>αότὸν</em></strong></span> <span class='ocrx_word' id='word_1_13' title='bbox 278 525 444 614; x_wconf 68' lang='grc' dir='ltr'><strong><em>ἐπιγνόντες</em></strong></span> <span class='ocrx_word' id='word_1_14' title='bbox 462 524 565 609; x_wconf 78' lang='grc' dir='ltr'><strong><em>αὐτόν,</em></strong></span> <span class='ocrx_word' id='word_1_15' title='bbox 586 521 637 592; x_wconf 90' lang='grc' dir='ltr'><strong><em>καί</em></strong></span> <span class='ocrx_word' id='word_1_16' title='bbox 657 523 735 610; x_wconf 82' lang='grc' dir='ltr'><strong><em>ἡμᾶς</em></strong></span> <span class='ocrx_word' id='word_1_17' title='bbox 752 529 806 609; x_wconf 80' lang='grc' dir='ltr'><strong><em>τῆς</em></strong></span> <span class='ocrx_word' id='word_1_18' title='bbox 822 523 1009 611; x_wconf 72' lang='grc' dir='ltr'><strong><em>γειτνιάσεως</em></strong></span> <span class='ocrx_word' id='word_1_19' title='bbox 1026 524 1249 614; x_wconf 81' lang='grc' dir='ltr'><strong><em>εόδαιμόνισαν·</em></strong></span> <span class='ocrx_word' id='word_1_20' title='bbox 1275 535 1416 608; x_wconf 79' lang='grc' dir='ltr'><strong><em>τοιοῦτος</em></strong></span> 
     </span>
     <span class='ocr_line' id='line_1_4' title="bbox 162 639 1417 733; baseline 0 -19"><span class='ocrx_word' id='word_1_21' title='bbox 162 646 220 733; x_wconf 90' lang='grc' dir='ltr'><strong><em>γάρ</em></strong></span> <span class='ocrx_word' id='word_1_22' title='bbox 247 643 358 730; x_wconf 85' lang='grc' dir='ltr'><strong><em>όέμός</em></strong></span> <span class='ocrx_word' id='word_1_23' title='bbox 382 647 513 729; x_wconf 78' lang='grc' dir='ltr'><strong><em>γειτνιῶν</em></strong></span> <span class='ocrx_word' id='word_1_24' title='bbox 537 640 673 727; x_wconf 89' lang='grc' dir='ltr'><strong><em>Κροῖσός</em></strong></span> <span class='ocrx_word' id='word_1_25' title='bbox 697 643 785 710; x_wconf 86' lang='grc' dir='ltr'><strong><em>έστιν.</em></strong></span> <span class='ocrx_word' id='word_1_26' title='bbox 829 640 875 708; x_wconf 80' lang='grc' dir='ltr'><strong><em>Οἰι</em></strong></span> <span class='ocrx_word' id='word_1_27' title='bbox 899 642 958 729; x_wconf 90' lang='grc' dir='ltr'><strong><em>γάρ</em></strong></span> <span class='ocrx_word' id='word_1_28' title='bbox 980 639 1036 729; x_wconf 82' lang='grc' dir='ltr'><strong><em>ε’γῶ</em></strong></span> <span class='ocrx_word' id='word_1_29' title='bbox 1060 644 1129 730; x_wconf 91' lang='grc' dir='ltr'><strong><em>παρ’</em></strong></span> <span class='ocrx_word' id='word_1_30' title='bbox 1157 642 1246 713; x_wconf 86' lang='grc' dir='ltr'><strong><em>όδασι</em></strong></span> <span class='ocrx_word' id='word_1_31' title='bbox 1272 653 1417 733; x_wconf 84' lang='grc' dir='ltr'><strong><em>δολεροῖς</em></strong></span> 
     </span>
     <span class='ocr_line' id='line_1_5' title="bbox 162 755 1416 849; baseline 0.001 -19"><span class='ocrx_word' id='word_1_32' title='bbox 162 765 317 847; x_wconf 87' lang='grc' dir='ltr'><strong><em>παροικῶ,</em></strong></span> <span class='ocrx_word' id='word_1_33' title='bbox 349 758 418 827; x_wconf 80' lang='grc' dir='ltr'><strong><em>οόδί</em></strong></span> <span class='ocrx_word' id='word_1_34' title='bbox 450 755 529 826; x_wconf 82' lang='grc' dir='ltr'><strong><em>κατά</em></strong></span> <span class='ocrx_word' id='word_1_35' title='bbox 554 755 627 833; x_wconf 79' lang='grc' dir='ltr'><strong><em>τοὺς</em></strong></span> <span class='ocrx_word' id='word_1_36' title='bbox 652 755 853 846; x_wconf 88' lang='grc' dir='ltr'><strong><em>χοιρόφρονας</em></strong></span> <span class='ocrx_word' id='word_1_37' title='bbox 877 758 1037 849; x_wconf 83' lang='grc' dir='ltr'><strong><em>βαρβάροις</em></strong></span> <span class='ocrx_word' id='word_1_38' title='bbox 1061 756 1080 847; x_wconf 77' lang='grc' dir='ltr'><em>ἢ</em></span> <span class='ocrx_word' id='word_1_39' title='bbox 1103 760 1274 849; x_wconf 80' lang='grc' dir='ltr'><strong><em>βαρβάροις</em></strong></span> <span class='ocrx_word' id='word_1_40' title='bbox 1300 765 1416 831; x_wconf 78' lang='grc' dir='ltr'><strong><em>ἐπανα-</em></strong></span> 
     </span>
     <span class='ocr_line' id='line_1_6' title="bbox 161 870 1416 966; baseline 0.001 -18"><span class='ocrx_word' id='word_1_41' title='bbox 161 877 307 964; x_wconf 86' lang='grc' dir='ltr'><strong><em>παόομαι,</em></strong></span> <span class='ocrx_word' id='word_1_42' title='bbox 331 873 410 944; x_wconf 83' lang='grc' dir='ltr'><strong><em>άλλά</em></strong></span> <span class='ocrx_word' id='word_1_43' title='bbox 432 872 488 953; x_wconf 83' lang='grc' dir='ltr'><strong><em>τάς</em></strong></span> <span class='ocrx_word' id='word_1_44' title='bbox 505 870 613 951; x_wconf 83' lang='grc' dir='ltr'><strong><em>καλιάς</em></strong></span> <span class='ocrx_word' id='word_1_45' title='bbox 627 875 659 954; x_wconf 75' lang='grc' dir='ltr'><strong><em>ἐξ</em></strong></span> <span class='ocrx_word' id='word_1_46' title='bbox 682 872 851 960; x_wconf 82' lang='grc' dir='ltr'><strong><em>ἀρωμάτων</em></strong></span> <span class='ocrx_word' id='word_1_47' title='bbox 870 873 951 944; x_wconf 84' lang='grc' dir='ltr'><strong><em>ιιατίι</em></strong></span> <span class='ocrx_word' id='word_1_48' title='bbox 966 873 1019 945; x_wconf 84' lang='grc' dir='ltr'><strong><em>τόν</em></strong></span> <span class='ocrx_word' id='word_1_49' title='bbox 1034 877 1153 961; x_wconf 87' lang='grc' dir='ltr'><strong><em>φοίνικα</em></strong></span> <span class='ocrx_word' id='word_1_50' title='bbox 1172 877 1320 966; x_wconf 75' lang='grc' dir='ltr'><strong><em>πήγνυμαι</em></strong></span> <span class='ocrx_word' id='word_1_51' title='bbox 1338 883 1416 949; x_wconf 76' lang='grc' dir='ltr'><strong><em>ἔνθα</em></strong></span> 
     </span>
     <span class='ocr_line' id='line_1_7' title="bbox 162 989 1416 1083; baseline 0.001 -19"><span class='ocrx_word' id='word_1_52' title='bbox 162 994 301 1083; x_wconf 76' lang='grc' dir='ltr'><strong><em>διαρρέον</em></strong></span> <span class='ocrx_word' id='word_1_53' title='bbox 325 990 407 1078; x_wconf 78' lang='grc' dir='ltr'><strong><em>ὕδωρ</em></strong></span> <span class='ocrx_word' id='word_1_54' title='bbox 433 989 495 1060; x_wconf 79' lang='grc' dir='ltr'><strong><em>ε’στί</em></strong></span> <span class='ocrx_word' id='word_1_55' title='bbox 520 989 640 1075; x_wconf 78' lang='grc' dir='ltr'><strong><em>διειδές,</em></strong></span> <span class='ocrx_word' id='word_1_56' title='bbox 673 989 723 1059; x_wconf 81' lang='grc' dir='ltr'><strong><em>καί</em></strong></span> <span class='ocrx_word' id='word_1_57' title='bbox 752 990 921 1078; x_wconf 84' lang='grc' dir='ltr'><strong><em>δηρεόομαι</em></strong></span> <span class='ocrx_word' id='word_1_58' title='bbox 948 1003 1011 1069; x_wconf 88' lang='grc' dir='ltr'><strong><em>τοῖς</em></strong></span> <span class='ocrx_word' id='word_1_59' title='bbox 1035 992 1172 1062; x_wconf 76' lang='grc' dir='ltr'><strong><em>εὐώδεσιν</em></strong></span> <span class='ocrx_word' id='word_1_60' title='bbox 1198 993 1297 1082; x_wconf 84' lang='grc' dir='ltr'><strong><em>ῶσπερ</em></strong></span> <span class='ocrx_word' id='word_1_61' title='bbox 1320 996 1416 1083; x_wconf 90' lang='grc' dir='ltr'><strong><em>μονό-</em></strong></span> 
     </span>
     <span class='ocr_line' id='line_1_8' title="bbox 162 1103 1416 1201; baseline 0.002 -21"><span class='ocrx_word' id='word_1_62' title='bbox 162 1139 257 1199; x_wconf 89' lang='grc' dir='ltr'><strong><em>κερως</em></strong></span> <span class='ocrx_word' id='word_1_63' title='bbox 287 1107 339 1178; x_wconf 78' lang='grc' dir='ltr'><strong><em>καί</em></strong></span> <span class='ocrx_word' id='word_1_64' title='bbox 371 1103 451 1176; x_wconf 86' lang='grc' dir='ltr'><strong><em>κατά</em></strong></span> <span class='ocrx_word' id='word_1_65' title='bbox 484 1104 556 1183; x_wconf 74' lang='grc' dir='ltr'><strong><em>τοὺς</em></strong></span> <span class='ocrx_word' id='word_1_66' title='bbox 584 1108 713 1184; x_wconf 79' lang='grc' dir='ltr'><strong><em>ἰκτίνοις</em></strong></span> <span class='ocrx_word' id='word_1_67' title='bbox 737 1103 756 1193; x_wconf 75' lang='grc' dir='ltr'><strong><em>ἢ</em></strong></span> <span class='ocrx_word' id='word_1_68' title='bbox 782 1104 863 1194; x_wconf 87' lang='grc' dir='ltr'><strong><em>όδωρ</em></strong></span> <span class='ocrx_word' id='word_1_69' title='bbox 896 1109 1034 1195; x_wconf 81' lang='grc' dir='ltr'><strong><em>αἰθέριον</em></strong></span> <span class='ocrx_word' id='word_1_70' title='bbox 1063 1110 1158 1178; x_wconf 87' lang='grc' dir='ltr'><strong><em>πίνειν</em></strong></span> <span class='ocrx_word' id='word_1_71' title='bbox 1184 1118 1263 1197; x_wconf 88' lang='grc' dir='ltr'><strong><em>φιλῶ</em></strong></span> <span class='ocrx_word' id='word_1_72' title='bbox 1287 1111 1306 1201; x_wconf 77' lang='grc' dir='ltr'><em>ἢ</em></span> <span class='ocrx_word' id='word_1_73' title='bbox 1333 1116 1416 1201; x_wconf 90' lang='grc' dir='ltr'><strong><em>δίψει</em></strong></span> 
     </span>
     <span class='ocr_line' id='line_1_9' title="bbox 161 1222 1416 1315; baseline 0.001 -16"><span class='ocrx_word' id='word_1_74' title='bbox 161 1240 267 1299; x_wconf 82' lang='grc' dir='ltr'><strong><em>δακεῖν</em></strong></span> <span class='ocrx_word' id='word_1_75' title='bbox 285 1228 342 1315; x_wconf 87' lang='grc' dir='ltr'><strong><em>μοί</em></strong></span> <span class='ocrx_word' id='word_1_76' title='bbox 355 1227 435 1294; x_wconf 84' lang='grc' dir='ltr'><strong><em>ε’στιν</em></strong></span> <span class='ocrx_word' id='word_1_77' title='bbox 458 1222 669 1313; x_wconf 84' lang='grc' dir='ltr'><strong><em>αῖρετῶτερον·</em></strong></span> <span class='ocrx_word' id='word_1_78' title='bbox 691 1222 839 1314; x_wconf 86' lang='grc' dir='ltr'><strong><em>βράματα</em></strong></span> <span class='ocrx_word' id='word_1_79' title='bbox 857 1226 891 1292; x_wconf 90' lang='grc' dir='ltr'><strong><em>δί</em></strong></span> <span class='ocrx_word' id='word_1_80' title='bbox 903 1227 956 1311; x_wconf 89' lang='grc' dir='ltr'><strong><em>μοι’</em></strong></span> <span class='ocrx_word' id='word_1_81' title='bbox 978 1229 1041 1295; x_wconf 90' lang='grc' dir='ltr'><strong><em>ίστι</em></strong></span> <span class='ocrx_word' id='word_1_82' title='bbox 1056 1228 1187 1295; x_wconf 76' lang='grc' dir='ltr'><strong><em>ποθεινά</em></strong></span> <span class='ocrx_word' id='word_1_83' title='bbox 1211 1226 1251 1297; x_wconf 87' lang='grc' dir='ltr'><strong><em>τά</em></strong></span> <span class='ocrx_word' id='word_1_84' title='bbox 1266 1229 1416 1302; x_wconf 87' lang='grc' dir='ltr'><strong><em>κάλλιστά</em></strong></span> 
     </span>
     <span class='ocr_line' id='line_1_10' title="bbox 161 1338 1417 1431; baseline 0.003 -17"><span class='ocrx_word' id='word_1_85' title='bbox 161 1374 195 1415; x_wconf 90' lang='grc' dir='ltr'><strong><em>τε</em></strong></span> <span class='ocrx_word' id='word_1_86' title='bbox 219 1344 270 1413; x_wconf 85' lang='grc' dir='ltr'><strong><em>καί</em></strong></span> <span class='ocrx_word' id='word_1_87' title='bbox 296 1347 393 1422; x_wconf 89' lang='grc' dir='ltr'><strong><em>ζῶντα</em></strong></span> <span class='ocrx_word' id='word_1_88' title='bbox 418 1341 468 1411; x_wconf 94' lang='grc' dir='ltr'><strong><em>καί</em></strong></span> <span class='ocrx_word' id='word_1_89' title='bbox 493 1340 679 1429; x_wconf 86' lang='grc' dir='ltr'><strong><em>πρόσφατα·</em></strong></span> <span class='ocrx_word' id='word_1_90' title='bbox 702 1340 774 1410; x_wconf 76' lang='grc' dir='ltr'><strong><em>οἰιδί</em></strong></span> <span class='ocrx_word' id='word_1_91' title='bbox 797 1338 854 1429; x_wconf 86' lang='grc' dir='ltr'><strong><em>γάρ</em></strong></span> <span class='ocrx_word' id='word_1_92' title='bbox 879 1343 958 1410; x_wconf 88' lang='grc' dir='ltr'><strong><em>κατά</em></strong></span> <span class='ocrx_word' id='word_1_93' title='bbox 984 1349 1045 1410; x_wconf 88' lang='grc' dir='ltr'><strong><em>τῶν</em></strong></span> <span class='ocrx_word' id='word_1_94' title='bbox 1068 1345 1319 1431; x_wconf 78' lang='grc' dir='ltr'><strong><em>θηριογνωμόνων</em></strong></span> <span class='ocrx_word' id='word_1_95' title='bbox 1343 1347 1417 1426; x_wconf 75' lang='grc' dir='ltr'><strong><em>τοὺς</em></strong></span> 
     </span>
    </p>
   </div>
   <div class='ocr_carea' id='block_1_3' title="bbox 162 1450 1416 1555">
    <p class='ocr_par' dir='ltr' id='par_1_3' title="bbox 162 1450 1416 1555">
     <span class='ocr_line' id='line_1_11' title="bbox 162 1450 1416 1555; baseline 0.003 -25"><span class='ocrx_word' id='word_1_96' title='bbox 162 1462 363 1550; x_wconf 77' lang='grc' dir='ltr'><strong><em>συρφετώδεις</em></strong></span> <span class='ocrx_word' id='word_1_97' title='bbox 388 1468 452 1535; x_wconf 90' lang='grc' dir='ltr'><strong><em>τοῖς</em></strong></span> <span class='ocrx_word' id='word_1_98' title='bbox 473 1455 599 1527; x_wconf 89' lang='grc' dir='ltr'><strong><em>όδωδόσι</em></strong></span> <span class='ocrx_word' id='word_1_99' title='bbox 617 1450 647 1551; x_wconf 78' lang='grc'><strong><em>1)</em></strong></span> <span class='ocrx_word' id='word_1_100' title='bbox 669 1459 805 1547; x_wconf 89' lang='grc' dir='ltr'><strong><em>σαρκιόις</em></strong></span> <span class='ocrx_word' id='word_1_101' title='bbox 824 1461 1014 1548; x_wconf 86' lang='grc' dir='ltr'><strong><em>έκτρέφομαι,</em></strong></span> <span class='ocrx_word' id='word_1_102' title='bbox 1039 1456 1119 1528; x_wconf 86' lang='grc' dir='ltr'><strong><em>άλλά</em></strong></span> <span class='ocrx_word' id='word_1_103' title='bbox 1135 1457 1214 1529; x_wconf 83' lang='grc' dir='ltr'><strong><em>κατά</em></strong></span> <span class='ocrx_word' id='word_1_104' title='bbox 1231 1461 1303 1541; x_wconf 77' lang='grc' dir='ltr'><strong><em>τοὺς</em></strong></span> <span class='ocrx_word' id='word_1_105' title='bbox 1323 1474 1416 1555; x_wconf 86' lang='grc' dir='ltr'><strong><em>βασι-</em></strong></span> 
     </span>
    </p>
   </div>
   <div class='ocr_carea' id='block_1_4' title="bbox 161 1572 1418 2716">
    <p class='ocr_par' dir='ltr' id='par_1_4' title="bbox 161 1572 1418 2716">
     <span class='ocr_line' id='line_1_12' title="bbox 163 1572 1414 1668; baseline 0.001 -20"><span class='ocrx_word' id='word_1_106' title='bbox 163 1586 223 1656; x_wconf 89' lang='grc' dir='ltr'><strong><em>λεῖς</em></strong></span> <span class='ocrx_word' id='word_1_107' title='bbox 244 1583 304 1648; x_wconf 90' lang='grc' dir='ltr'><strong><em>τῶν</em></strong></span> <span class='ocrx_word' id='word_1_108' title='bbox 327 1579 444 1665; x_wconf 77' lang='grc' dir='ltr'><strong><em>θηρίων</em></strong></span> <span class='ocrx_word' id='word_1_109' title='bbox 463 1575 537 1652; x_wconf 87' lang='grc' dir='ltr'><strong><em>τοός</em></strong></span> <span class='ocrx_word' id='word_1_110' title='bbox 559 1576 684 1651; x_wconf 90' lang='grc' dir='ltr'><strong><em>λέοντας</em></strong></span> <span class='ocrx_word' id='word_1_111' title='bbox 707 1578 819 1661; x_wconf 87' lang='grc' dir='ltr'><strong><em>νεκρῶν</em></strong></span> <span class='ocrx_word' id='word_1_112' title='bbox 838 1572 988 1661; x_wconf 89' lang='grc' dir='ltr'><strong><em>σωμάτων</em></strong></span> <span class='ocrx_word' id='word_1_113' title='bbox 1009 1576 1063 1663; x_wconf 83' lang='grc' dir='ltr'><strong><em>οόγ</em></strong></span> <span class='ocrx_word' id='word_1_114' title='bbox 1089 1575 1238 1664; x_wconf 81' lang='grc' dir='ltr'><strong><em>ἅπτομαι·</em></strong></span> <span class='ocrx_word' id='word_1_115' title='bbox 1264 1581 1363 1668; x_wconf 82' lang='grc' dir='ltr'><strong><em>ἀτυχῶ</em></strong></span> <span class='ocrx_word' id='word_1_116' title='bbox 1383 1583 1414 1651; x_wconf 81' lang='grc' dir='ltr'><strong><em>δ’</em></strong></span> 
     </span>
     <span class='ocr_line' id='line_1_13' title="bbox 162 1690 1415 1785; baseline 0 -20"><span class='ocrx_word' id='word_1_117' title='bbox 162 1699 194 1765; x_wconf 85' lang='grc' dir='ltr'><strong><em>ε’ν</em></strong></span> <span class='ocrx_word' id='word_1_118' title='bbox 218 1696 264 1773; x_wconf 84' lang='grc' dir='ltr'><strong><em>οἷς</em></strong></span> <span class='ocrx_word' id='word_1_119' title='bbox 288 1695 411 1780; x_wconf 76' lang='grc' dir='ltr'><strong><em>εὐτυχῶ,</em></strong></span> <span class='ocrx_word' id='word_1_120' title='bbox 436 1691 487 1761; x_wconf 77' lang='grc' dir='ltr'><strong><em>καί</em></strong></span> <span class='ocrx_word' id='word_1_121' title='bbox 505 1692 590 1779; x_wconf 83' lang='grc' dir='ltr'><strong><em>παρά</em></strong></span> <span class='ocrx_word' id='word_1_122' title='bbox 615 1697 676 1760; x_wconf 89' lang='grc' dir='ltr'><strong><em>τῶν</em></strong></span> <span class='ocrx_word' id='word_1_123' title='bbox 695 1691 749 1759; x_wconf 79' lang='grc' dir='ltr'><strong><em>οὐκ</em></strong></span> <span class='ocrx_word' id='word_1_124' title='bbox 775 1690 896 1760; x_wconf 82' lang='grc' dir='ltr'><strong><em>εἰδότων</em></strong></span> <span class='ocrx_word' id='word_1_125' title='bbox 921 1692 1162 1780; x_wconf 82' lang='grc' dir='ltr'><strong><em>εόδαιμονίζοααι</em></strong></span> <span class='ocrx_word' id='word_1_126' title='bbox 1187 1691 1415 1785; x_wconf 56' lang='grc' dir='ltr'><strong><em>ταντάλειονί)</em></strong></span> 
     </span>
     <span class='ocr_line' id='line_1_14' title="bbox 161 1805 1417 1899; baseline 0.002 -18"><span class='ocrx_word' id='word_1_127' title='bbox 161 1810 284 1899; x_wconf 84' lang='grc' dir='ltr'><strong><em>πάσχων</em></strong></span> <span class='ocrx_word' id='word_1_128' title='bbox 305 1808 359 1898; x_wconf 77' lang='grc' dir='ltr'><strong><em>την</em></strong></span> <span class='ocrx_word' id='word_1_129' title='bbox 381 1807 518 1879; x_wconf 77' lang='grc' dir='ltr'><strong><em>κόλασιν·</em></strong></span> <span class='ocrx_word' id='word_1_130' title='bbox 544 1810 676 1894; x_wconf 80' lang='grc' dir='ltr'><strong><em>ἐνμέσῳ</em></strong></span> <span class='ocrx_word' id='word_1_131' title='bbox 699 1805 756 1893; x_wconf 85' lang='grc' dir='ltr'><strong><em>γάρ</em></strong></span> <span class='ocrx_word' id='word_1_132' title='bbox 780 1813 926 1894; x_wconf 79' lang='grc' dir='ltr'><strong><em>καθαρῶν</em></strong></span> <span class='ocrx_word' id='word_1_133' title='bbox 945 1807 995 1877; x_wconf 82' lang='grc' dir='ltr'><strong><em>καί</em></strong></span> <span class='ocrx_word' id='word_1_134' title='bbox 1020 1811 1156 1897; x_wconf 86' lang='grc' dir='ltr'><strong><em>ποτίμων</em></strong></span> <span class='ocrx_word' id='word_1_135' title='bbox 1179 1811 1296 1881; x_wconf 81' lang='grc' dir='ltr'><strong><em>ὑδάτων</em></strong></span> <span class='ocrx_word' id='word_1_136' title='bbox 1322 1812 1417 1892; x_wconf 79' lang='grc' dir='ltr'><strong><em>έστῶς</em></strong></span> 
     </span>
     <span class='ocr_line' id='line_1_15' title="bbox 162 1921 1417 2018; baseline 0.002 -21"><span class='ocrx_word' id='word_1_137' title='bbox 162 1935 205 2012; x_wconf 77' lang='grc' dir='ltr'><strong><em>τῷ</em></strong></span> <span class='ocrx_word' id='word_1_138' title='bbox 230 1933 321 2015; x_wconf 77' lang='grc' dir='ltr'><strong><em>διψῇν</em></strong></span> <span class='ocrx_word' id='word_1_139' title='bbox 337 1927 563 2016; x_wconf 81' lang='grc' dir='ltr'><strong><em>εἰιφλογίζομαι,</em></strong></span> <span class='ocrx_word' id='word_1_140' title='bbox 589 1921 639 1994; x_wconf 97' lang='grc' dir='ltr'><strong><em>καί</em></strong></span> <span class='ocrx_word' id='word_1_141' title='bbox 661 1927 789 2007; x_wconf 75' lang='grc' dir='ltr'><strong><em>δένδρων</em></strong></span> <span class='ocrx_word' id='word_1_142' title='bbox 806 1924 1012 2012; x_wconf 87' lang='grc' dir='ltr'><strong><em>όπωροφόρων</em></strong></span> <span class='ocrx_word' id='word_1_143' title='bbox 1032 1925 1243 2013; x_wconf 76' lang='grc' dir='ltr'><strong><em>ῶραίωυπερί</em></strong></span> <span class='ocrx_word' id='word_1_144' title='bbox 1268 1929 1318 2018; x_wconf 78' lang='grc' dir='ltr'><strong><em>ίμί</em></strong></span> <span class='ocrx_word' id='word_1_145' title='bbox 1336 1960 1417 2000; x_wconf 88' lang='grc' dir='ltr'><strong><em>παν-</em></strong></span> 
     </span>
     <span class='ocr_line' id='line_1_16' title="bbox 162 2038 1416 2136; baseline 0.002 -21"><span class='ocrx_word' id='word_1_146' title='bbox 162 2047 254 2115; x_wconf 87' lang='grc' dir='ltr'><strong><em>τοίων</em></strong></span> <span class='ocrx_word' id='word_1_147' title='bbox 285 2042 423 2113; x_wconf 80' lang='grc' dir='ltr'><strong><em>ἑσταότων</em></strong></span> <span class='ocrx_word' id='word_1_148' title='bbox 449 2043 503 2111; x_wconf 76' lang='grc' dir='ltr'><strong><em>οὐκ</em></strong></span> <span class='ocrx_word' id='word_1_149' title='bbox 532 2043 630 2124; x_wconf 76' lang='grc' dir='ltr'><strong><em>ἔξεστί</em></strong></span> <span class='ocrx_word' id='word_1_150' title='bbox 655 2069 707 2130; x_wconf 88' lang='grc' dir='ltr'><strong><em>μοι</em></strong></span> <span class='ocrx_word' id='word_1_151' title='bbox 733 2038 784 2110; x_wconf 81' lang='grc' dir='ltr'><strong><em>καί</em></strong></span> <span class='ocrx_word' id='word_1_152' title='bbox 811 2047 960 2112; x_wconf 77' lang='grc' dir='ltr'><strong><em>ποθοῦντι</em></strong></span> <span class='ocrx_word' id='word_1_153' title='bbox 986 2050 1167 2133; x_wconf 78' lang='grc' dir='ltr'><strong><em>καταλαβεῖν</em></strong></span> <span class='ocrx_word' id='word_1_154' title='bbox 1196 2051 1252 2113; x_wconf 79' lang='grc' dir='ltr'><strong><em>τοῦ</em></strong></span> <span class='ocrx_word' id='word_1_155' title='bbox 1284 2055 1416 2136; x_wconf 77' lang='grc' dir='ltr'><strong><em>καρποῦ,</em></strong></span> 
     </span>
     <span class='ocr_line' id='line_1_17' title="bbox 163 2155 1418 2251; baseline 0.002 -20"><span class='ocrx_word' id='word_1_156' title='bbox 163 2163 226 2231; x_wconf 81' lang='grc' dir='ltr'><strong><em>ἀλλ’</em></strong></span> <span class='ocrx_word' id='word_1_157' title='bbox 255 2159 320 2230; x_wconf 75' lang='grc' dir='ltr'><strong><em>τάδε</em></strong></span> <span class='ocrx_word' id='word_1_158' title='bbox 343 2188 395 2248; x_wconf 91' lang='grc' dir='ltr'><strong><em>μοι</em></strong></span> <span class='ocrx_word' id='word_1_159' title='bbox 411 2157 446 2230; x_wconf 83' lang='grc' dir='ltr'><strong><em>τό</em></strong></span> <span class='ocrx_word' id='word_1_160' title='bbox 467 2160 600 2250; x_wconf 86' lang='grc' dir='ltr'><strong><em>σοβαρόν</em></strong></span> <span class='ocrx_word' id='word_1_161' title='bbox 618 2156 653 2228; x_wconf 85' lang='grc' dir='ltr'><strong><em>τό</em></strong></span> <span class='ocrx_word' id='word_1_162' title='bbox 678 2155 847 2244; x_wconf 84' lang='grc' dir='ltr'><strong><em>τοξοφόρον</em></strong></span> <span class='ocrx_word' id='word_1_163' title='bbox 866 2156 1038 2249; x_wconf 83' lang='grc' dir='ltr'><strong><em>παιδάριον,</em></strong></span> <span class='ocrx_word' id='word_1_164' title='bbox 1060 2156 1176 2238; x_wconf 76' lang='grc' dir='ltr'><strong><em>οὗτός</em></strong></span> <span class='ocrx_word' id='word_1_165' title='bbox 1198 2164 1322 2251; x_wconf 81' lang='grc' dir='ltr'><strong><em>βολίδας</em></strong></span> <span class='ocrx_word' id='word_1_166' title='bbox 1339 2164 1418 2242; x_wconf 82' lang='grc' dir='ltr'><strong><em>ἰδείς</em></strong></span> 
     </span>
     <span class='ocr_line' id='line_1_18' title="bbox 162 2273 1418 2366; baseline -0.001 -17"><span class='ocrx_word' id='word_1_167' title='bbox 162 2280 333 2366; x_wconf 75' lang='grc' dir='ltr'><strong><em>ὑπεξέφυγε,</em></strong></span> <span class='ocrx_word' id='word_1_168' title='bbox 358 2276 477 2348; x_wconf 90' lang='grc' dir='ltr'><strong><em>ποτίσοι</em></strong></span> <span class='ocrx_word' id='word_1_169' title='bbox 494 2277 548 2365; x_wconf 74' lang='grc' dir='ltr'><strong><em>μὲν</em></strong></span> <span class='ocrx_word' id='word_1_170' title='bbox 571 2279 614 2354; x_wconf 87' lang='grc' dir='ltr'><strong><em>εἰς</em></strong></span> <span class='ocrx_word' id='word_1_171' title='bbox 638 2273 728 2363; x_wconf 88' lang='grc' dir='ltr'><strong><em>κόρον</em></strong></span> <span class='ocrx_word' id='word_1_172' title='bbox 750 2279 812 2342; x_wconf 89' lang='grc' dir='ltr'><strong><em>τῶν</em></strong></span> <span class='ocrx_word' id='word_1_173' title='bbox 828 2281 957 2362; x_wconf 78' lang='grc' dir='ltr'><strong><em>διαυγῶν</em></strong></span> <span class='ocrx_word' id='word_1_174' title='bbox 974 2274 1025 2344; x_wconf 84' lang='grc' dir='ltr'><strong><em>καί</em></strong></span> <span class='ocrx_word' id='word_1_175' title='bbox 1049 2280 1180 2364; x_wconf 86' lang='grc' dir='ltr'><strong><em>γλυκέων</em></strong></span> <span class='ocrx_word' id='word_1_176' title='bbox 1198 2277 1314 2348; x_wconf 89' lang='grc' dir='ltr'><strong><em>τοότων</em></strong></span> <span class='ocrx_word' id='word_1_177' title='bbox 1339 2279 1418 2349; x_wconf 82' lang='grc' dir='ltr'><strong><em>όδά-</em></strong></span> 
     </span>
     <span class='ocr_line' id='line_1_19' title="bbox 162 2393 1418 2483; baseline 0.001 -19"><span class='ocrx_word' id='word_1_178' title='bbox 162 2425 222 2464; x_wconf 89' lang='grc' dir='ltr'><strong><em>των</em></strong></span> <span class='ocrx_word' id='word_1_179' title='bbox 255 2393 305 2464; x_wconf 80' lang='grc' dir='ltr'><strong><em>καὶ</em></strong></span> <span class='ocrx_word' id='word_1_180' title='bbox 338 2393 395 2470; x_wconf 90' lang='grc' dir='ltr'><strong><em>τάς</em></strong></span> <span class='ocrx_word' id='word_1_181' title='bbox 428 2395 575 2471; x_wconf 82' lang='grc' dir='ltr'><strong><em>ἰθυτενεῖς</em></strong></span> <span class='ocrx_word' id='word_1_182' title='bbox 606 2398 666 2462; x_wconf 87' lang='grc' dir='ltr'><strong><em>τῶν</em></strong></span> <span class='ocrx_word' id='word_1_183' title='bbox 698 2394 826 2477; x_wconf 78' lang='grc' dir='ltr'><strong><em>δένδρων</em></strong></span> <span class='ocrx_word' id='word_1_184' title='bbox 856 2393 998 2461; x_wconf 78' lang='grc' dir='ltr'><strong><em>ἐπικλίνει</em></strong></span> <span class='ocrx_word' id='word_1_185' title='bbox 1025 2421 1077 2479; x_wconf 90' lang='grc' dir='ltr'><strong><em>μοι</em></strong></span> <span class='ocrx_word' id='word_1_186' title='bbox 1112 2393 1247 2481; x_wconf 84' lang='grc' dir='ltr'><strong><em>κορυφάς</em></strong></span> <span class='ocrx_word' id='word_1_187' title='bbox 1280 2394 1330 2464; x_wconf 79' lang='grc' dir='ltr'><strong><em>καί</em></strong></span> <span class='ocrx_word' id='word_1_188' title='bbox 1363 2404 1418 2483; x_wconf 81' lang='grc' dir='ltr'><strong><em>τῆς</em></strong></span> 
     </span>
     <span class='ocr_line' id='line_1_20' title="bbox 163 2505 1418 2602; baseline 0 -21"><span class='ocrx_word' id='word_1_189' title='bbox 163 2511 286 2602; x_wconf 86' lang='grc' dir='ltr'><strong><em>όπῶρας</em></strong></span> <span class='ocrx_word' id='word_1_190' title='bbox 301 2511 512 2599; x_wconf 84' lang='grc' dir='ltr'><strong><em>ε’μφορηθείην,</em></strong></span> <span class='ocrx_word' id='word_1_191' title='bbox 538 2511 578 2588; x_wconf 83' lang='grc' dir='ltr'><strong><em>ῶς</em></strong></span> <span class='ocrx_word' id='word_1_192' title='bbox 602 2506 641 2578; x_wconf 84' lang='grc' dir='ltr'><strong><em>άν</em></strong></span> <span class='ocrx_word' id='word_1_193' title='bbox 656 2510 760 2595; x_wconf 82' lang='grc' dir='ltr'><strong><em>μηκέτι</em></strong></span> <span class='ocrx_word' id='word_1_194' title='bbox 784 2506 883 2595; x_wconf 88' lang='grc' dir='ltr'><strong><em>μάτην</em></strong></span> <span class='ocrx_word' id='word_1_195' title='bbox 902 2505 988 2596; x_wconf 79' lang='grc' dir='ltr'><strong><em>παρὰ</em></strong></span> <span class='ocrx_word' id='word_1_196' title='bbox 1007 2514 1068 2578; x_wconf 90' lang='grc' dir='ltr'><strong><em>τῶν</em></strong></span> <span class='ocrx_word' id='word_1_197' title='bbox 1089 2510 1143 2580; x_wconf 86' lang='grc' dir='ltr'><strong><em>οόκ</em></strong></span> <span class='ocrx_word' id='word_1_198' title='bbox 1169 2509 1291 2580; x_wconf 86' lang='grc' dir='ltr'><strong><em>εἰδότων</em></strong></span> <span class='ocrx_word' id='word_1_199' title='bbox 1313 2514 1418 2582; x_wconf 85' lang='grc' dir='ltr'><strong><em>εόδαι-</em></strong></span> 
     </span>
     <span class='ocr_line' id='line_1_21' title="bbox 161 2630 327 2716; baseline 0.006 -20"><span class='ocrx_word' id='word_1_200' title='bbox 161 2630 327 2716; x_wconf 85' lang='grc' dir='ltr'><strong><em>μονίζομαι.</em></strong></span> 
     </span>
    </p>
   </div>
   <div class='ocr_carea' id='block_1_5' title="bbox 365 2824 1221 2904">
    <p class='ocr_par' dir='ltr' id='par_1_5' title="bbox 365 2824 1221 2904">
     <span class='ocr_line' id='line_1_22' title="bbox 365 2824 1221 2904; baseline -0.001 -18"><span class='ocrx_word' id='word_1_201' title='bbox 365 2852 387 2886; x_wconf 68' lang='grc' dir='ltr'><strong><em>ε.</em></strong></span> <span class='ocrx_word' id='word_1_202' title='bbox 417 2833 487 2886; x_wconf 74' lang='grc' dir='ltr'><strong><em>τοι</em></strong></span> <span class='ocrx_word' id='word_1_203' title='bbox 502 2831 759 2888; x_wconf 71' lang='grc' dir='ltr'><strong><em>ΛοΓκΡιΑΣτΗι</em></strong></span> <span class='ocrx_word' id='word_1_204' title='bbox 776 2832 911 2885; x_wconf 71' lang='lat' dir='ltr'><strong><em>mmm</em></strong></span> <span class='ocrx_word' id='word_1_205' title='bbox 928 2832 1174 2894; x_wconf 71' lang='grc' dir='ltr'><strong><em>ιεοΛνΕνιτοιιι</em></strong></span> <span class='ocrx_word' id='word_1_206' title='bbox 1187 2824 1221 2904; x_wconf 76' lang='lat'><strong><em>³).</em></strong></span> 
     </span>
    </p>
   </div>
   <div class='ocr_carea' id='block_1_6' title="bbox 162 2980 1419 3542">
    <p class='ocr_par' dir='ltr' id='par_1_6' title="bbox 162 2980 1419 3542">
     <span class='ocr_line' id='line_1_23' title="bbox 266 2980 1419 3077; baseline 0.003 -21"><span class='ocrx_word' id='word_1_207' title='bbox 266 2983 329 3074; x_wconf 72' lang='grc' dir='ltr'><strong><em>Τὴν</em></strong></span> <span class='ocrx_word' id='word_1_208' title='bbox 350 2983 404 3072; x_wconf 78' lang='grc' dir='ltr'><strong><em>μίν</em></strong></span> <span class='ocrx_word' id='word_1_209' title='bbox 428 2984 550 3072; x_wconf 78' lang='grc' dir='ltr'><strong><em>ἡμίονον</em></strong></span> <span class='ocrx_word' id='word_1_210' title='bbox 571 2984 763 3073; x_wconf 82' lang='grc' dir='ltr'><strong><em>ἀπελάβομεν</em></strong></span> <span class='ocrx_word' id='word_1_211' title='bbox 783 2980 833 3053; x_wconf 83' lang='grc' dir='ltr'><strong><em>καί</em></strong></span> <span class='ocrx_word' id='word_1_212' title='bbox 852 2984 919 3071; x_wconf 84' lang='grc' dir='ltr'><strong><em>όμῖν</em></strong></span> <span class='ocrx_word' id='word_1_213' title='bbox 940 2991 994 3072; x_wconf 80' lang='grc' dir='ltr'><strong><em>τῆς</em></strong></span> <span class='ocrx_word' id='word_1_214' title='bbox 1014 2984 1130 3072; x_wconf 80' lang='grc' dir='ltr'><strong><em>ἀγάπης</em></strong></span> <span class='ocrx_word' id='word_1_215' title='bbox 1151 2986 1419 3077; x_wconf 79' lang='grc' dir='ltr'><strong><em>εόγαριστήσαμεν,</em></strong></span> 
     </span>
     <span class='ocr_line' id='line_1_24' title="bbox 162 3098 1419 3191; baseline 0.002 -18"><span class='ocrx_word' id='word_1_216' title='bbox 162 3101 239 3191; x_wconf 73' lang='grc' dir='ltr'><strong><em>αλῆν</em></strong></span> <span class='ocrx_word' id='word_1_217' title='bbox 264 3103 327 3172; x_wconf 79' lang='grc' dir='ltr'><strong><em>ἀλλ’</em></strong></span> <span class='ocrx_word' id='word_1_218' title='bbox 354 3099 419 3190; x_wconf 81' lang='grc' dir='ltr'><strong><em>οόγί</em></strong></span> <span class='ocrx_word' id='word_1_219' title='bbox 444 3098 496 3171; x_wconf 93' lang='grc' dir='ltr'><strong><em>καί</em></strong></span> <span class='ocrx_word' id='word_1_220' title='bbox 529 3103 631 3188; x_wconf 82' lang='grc' dir='ltr'><strong><em>έποχοι</em></strong></span> <span class='ocrx_word' id='word_1_221' title='bbox 660 3099 772 3187; x_wconf 89' lang='grc' dir='ltr'><strong><em>ταότης</em></strong></span> <span class='ocrx_word' id='word_1_222' title='bbox 795 3102 934 3190; x_wconf 77' lang='grc' dir='ltr'><strong><em>γενέσθαι</em></strong></span> <span class='ocrx_word' id='word_1_223' title='bbox 965 3101 1200 3189; x_wconf 79' lang='grc' dir='ltr'><strong><em>κατηξιῶθημεν,</em></strong></span> <span class='ocrx_word' id='word_1_224' title='bbox 1250 3109 1419 3176; x_wconf 88' lang='grc' dir='ltr'><strong><em>Βασκαίνει</em></strong></span> 
     </span>
     <span class='ocr_line' id='line_1_25' title="bbox 164 3214 1419 3309; baseline 0.002 -21"><span class='ocrx_word' id='word_1_225' title='bbox 164 3217 222 3309; x_wconf 85' lang='grc' dir='ltr'><strong><em>γάρ</em></strong></span> <span class='ocrx_word' id='word_1_226' title='bbox 247 3216 373 3306; x_wconf 78' lang='grc' dir='ltr'><strong><em>ἡμῖντὸ</em></strong></span> <span class='ocrx_word' id='word_1_227' title='bbox 398 3216 554 3304; x_wconf 86' lang='grc' dir='ltr'><strong><em>δαιμόνιον</em></strong></span> <span class='ocrx_word' id='word_1_228' title='bbox 579 3214 648 3304; x_wconf 90' lang='grc' dir='ltr'><strong><em>άχρι</em></strong></span> <span class='ocrx_word' id='word_1_229' title='bbox 666 3215 717 3286; x_wconf 81' lang='grc' dir='ltr'><strong><em>καί</em></strong></span> <span class='ocrx_word' id='word_1_230' title='bbox 743 3222 803 3286; x_wconf 85' lang='grc' dir='ltr'><strong><em>τῶν</em></strong></span> <span class='ocrx_word' id='word_1_231' title='bbox 823 3223 948 3299; x_wconf 85' lang='grc' dir='ltr'><strong><em>λεπτῶν,</em></strong></span> <span class='ocrx_word' id='word_1_232' title='bbox 978 3218 1041 3286; x_wconf 82' lang='grc' dir='ltr'><strong><em>ἀλλ’</em></strong></span> <span class='ocrx_word' id='word_1_233' title='bbox 1068 3218 1136 3304; x_wconf 76' lang='grc' dir='ltr'><strong><em>ὑμῖν</em></strong></span> <span class='ocrx_word' id='word_1_234' title='bbox 1158 3219 1212 3304; x_wconf 77' lang='grc' dir='ltr'><strong><em>μέν</em></strong></span> <span class='ocrx_word' id='word_1_235' title='bbox 1237 3226 1291 3307; x_wconf 79' lang='grc' dir='ltr'><strong><em>τῆς</em></strong></span> <span class='ocrx_word' id='word_1_236' title='bbox 1314 3225 1419 3308; x_wconf 85' lang='grc' dir='ltr'><strong><em>φιλίας</em></strong></span> 
     </span>
     <span class='ocr_line' id='line_1_26' title="bbox 164 3331 1419 3426; baseline 0.002 -21"><span class='ocrx_word' id='word_1_237' title='bbox 164 3335 261 3405; x_wconf 81' lang='grc' dir='ltr'><strong><em>εἵνεκα</em></strong></span> <span class='ocrx_word' id='word_1_238' title='bbox 283 3332 379 3426; x_wconf 86' lang='grc' dir='ltr'><strong><em>χάρις.</em></strong></span> <span class='ocrx_word' id='word_1_239' title='bbox 414 3331 487 3422; x_wconf 84' lang='grc' dir='ltr'><strong><em>Ἐγῶ</em></strong></span> <span class='ocrx_word' id='word_1_240' title='bbox 509 3333 541 3402; x_wconf 75' lang='grc' dir='ltr'><strong><em>δέ</em></strong></span> <span class='ocrx_word' id='word_1_241' title='bbox 562 3335 664 3421; x_wconf 79' lang='grc' dir='ltr'><strong><em>ἕτερον</em></strong></span> <span class='ocrx_word' id='word_1_242' title='bbox 683 3332 737 3420; x_wconf 78' lang='grc' dir='ltr'><strong><em>μέν</em></strong></span> <span class='ocrx_word' id='word_1_243' title='bbox 757 3336 901 3421; x_wconf 88' lang='grc' dir='ltr'><strong><em>αἰτιῶμαι</em></strong></span> <span class='ocrx_word' id='word_1_244' title='bbox 922 3334 1030 3403; x_wconf 81' lang='grc' dir='ltr'><strong><em>οὐδένα</em></strong></span> <span class='ocrx_word' id='word_1_245' title='bbox 1053 3332 1072 3421; x_wconf 76' lang='grc' dir='ltr'><strong><em>ἦ</em></strong></span> <span class='ocrx_word' id='word_1_246' title='bbox 1094 3333 1174 3404; x_wconf 86' lang='grc' dir='ltr'><strong><em>κατά</em></strong></span> <span class='ocrx_word' id='word_1_247' title='bbox 1192 3336 1344 3424; x_wconf 84' lang='grc' dir='ltr'><strong><em>Ἰιόσηπον</em></strong></span> <span class='ocrx_word' id='word_1_248' title='bbox 1363 3337 1419 3426; x_wconf 78' lang='grc' dir='ltr'><strong><em>τη“ν</em></strong></span> 
     </span>
     <span class='ocr_line' id='line_1_27' title="bbox 165 3448 1419 3542; baseline 0.002 -21"><span class='ocrx_word' id='word_1_249' title='bbox 165 3451 268 3522; x_wconf 88' lang='grc' dir='ltr'><strong><em>άδεκον</em></strong></span> <span class='ocrx_word' id='word_1_250' title='bbox 290 3453 476 3540; x_wconf 78' lang='grc' dir='ltr'><strong><em>εἱμαρμένην,</em></strong></span> <span class='ocrx_word' id='word_1_251' title='bbox 501 3448 566 3537; x_wconf 75' lang='grc' dir='ltr'><strong><em>ἥτις</em></strong></span> <span class='ocrx_word' id='word_1_252' title='bbox 588 3451 724 3527; x_wconf 74' lang='grc' dir='ltr'><strong><em>πολλοῖς</em></strong></span> <span class='ocrx_word' id='word_1_253' title='bbox 745 3449 800 3538; x_wconf 78' lang='grc' dir='ltr'><strong><em>μέν</em></strong></span> <span class='ocrx_word' id='word_1_254' title='bbox 823 3450 896 3538; x_wconf 81' lang='grc' dir='ltr'><strong><em>μηδὲ</em></strong></span> <span class='ocrx_word' id='word_1_255' title='bbox 914 3451 1130 3539; x_wconf 85' lang='grc' dir='ltr'><strong><em>χειρόμακτρον</em></strong></span> <span class='ocrx_word' id='word_1_256' title='bbox 1155 3455 1279 3538; x_wconf 75' lang='grc' dir='ltr'><strong><em>ἔχοντας</em></strong></span> <span class='ocrx_word' id='word_1_257' title='bbox 1303 3452 1419 3542; x_wconf 77' lang='grc' dir='ltr'><strong><em>τροφὴν</em></strong></span> 
     </span>
    </p>
   </div>
   <div class='ocr_carea' id='block_1_7' title="bbox 165 3729 1418 4686">
    <p class='ocr_par' dir='ltr' id='par_1_7' title="bbox 375 3729 963 3806">
     <span class='ocr_line' id='line_1_28' title="bbox 375 3729 963 3806; baseline -0.012 -14"><span class='ocrx_word' id='word_1_258' title='bbox 375 3730 464 3800; x_wconf 56' lang='lat' dir='ltr'><strong><em>&#39;ok-fv,</em></strong></span> <span class='ocrx_word' id='word_1_259' title='bbox 481 3731 569 3805; x_wconf 75' lang='grc' dir='ltr'><strong><em>βορόν</em></strong></span> <span class='ocrx_word' id='word_1_260' title='bbox 586 3737 711 3806; x_wconf 77' lang='grc' dir='ltr'><strong><em>φέρουσιν</em></strong></span> <span class='ocrx_word' id='word_1_261' title='bbox 729 3734 855 3804; x_wconf 81' lang='grc' dir='ltr'><strong><em>έντέγνοιι</em></strong></span> <span class='ocrx_word' id='word_1_262' title='bbox 873 3729 963 3787; x_wconf 85' lang='grc' dir='ltr'><strong><em>τόνον.</em></strong></span> 
     </span>
    </p>

    <p class='ocr_par' dir='ltr' id='par_1_8' title="bbox 383 3817 1021 3894">
     <span class='ocr_line' id='line_1_29' title="bbox 383 3817 1021 3894; baseline -0.003 -16"><span class='ocrx_word' id='word_1_263' title='bbox 383 3820 473 3878; x_wconf 83' lang='grc' dir='ltr'><strong><em>Τάλλιι</em></strong></span> <span class='ocrx_word' id='word_1_264' title='bbox 489 3823 539 3891; x_wconf 77' lang='grc' dir='ltr'><strong><em>μὲν</em></strong></span> <span class='ocrx_word' id='word_1_265' title='bbox 556 3820 624 3877; x_wconf 83' lang='grc' dir='ltr'><strong><em>αότό</em></strong></span> <span class='ocrx_word' id='word_1_266' title='bbox 642 3831 686 3877; x_wconf 81' lang='grc' dir='ltr'><strong><em>καῖ</em></strong></span> <span class='ocrx_word' id='word_1_267' title='bbox 704 3819 808 3894; x_wconf 63' lang='grc' dir='ltr'><strong><em>βιβάς,</em></strong></span> <span class='ocrx_word' id='word_1_268' title='bbox 825 3819 921 3883; x_wconf 73' lang='grc' dir='ltr'><strong><em>λυτάν,</em></strong></span> <span class='ocrx_word' id='word_1_269' title='bbox 940 3817 1021 3892; x_wconf 79' lang='grc' dir='ltr'><strong><em>λέγει·</em></strong></span> 
     </span>
    </p>

    <p class='ocr_par' dir='ltr' id='par_1_9' title="bbox 375 3901 973 3981">
     <span class='ocr_line' id='line_1_30' title="bbox 375 3901 973 3981; baseline -0.005 -15"><span class='ocrx_word' id='word_1_270' title='bbox 375 3901 527 3981; x_wconf 65' lang='grc' dir='ltr'><strong><em>Ἠρακλέης</em></strong></span> <span class='ocrx_word' id='word_1_271' title='bbox 544 3907 573 3964; x_wconf 83' lang='grc' dir='ltr'><strong><em>δ’</em></strong></span> <span class='ocrx_word' id='word_1_272' title='bbox 593 3903 627 3964; x_wconf 82' lang='grc' dir='ltr'><strong><em>αἰ</em></strong></span> <span class='ocrx_word' id='word_1_273' title='bbox 646 3905 776 3981; x_wconf 80' lang='grc' dir='ltr'><strong><em>ἤρακλῆτ·</em></strong></span> <span class='ocrx_word' id='word_1_274' title='bbox 796 3903 885 3978; x_wconf 78' lang='grc' dir='ltr'><strong><em>θωλῆτ</em></strong></span> <span class='ocrx_word' id='word_1_275' title='bbox 903 3904 973 3978; x_wconf 72' lang='grc' dir='ltr'><strong><em>ἅμα,</em></strong></span> 
     </span>
    </p>

    <p class='ocr_par' dir='ltr' id='par_1_10' title="bbox 378 3993 945 4070">
     <span class='ocr_line' id='line_1_31' title="bbox 378 3993 945 4070; baseline -0.009 -15"><span class='ocrx_word' id='word_1_276' title='bbox 378 4005 435 4055; x_wconf 75' lang='grc' dir='ltr'><strong><em>Καὶ</em></strong></span> <span class='ocrx_word' id='word_1_277' title='bbox 455 3994 512 4052; x_wconf 83' lang='grc' dir='ltr'><strong><em>πάν</em></strong></span> <span class='ocrx_word' id='word_1_278' title='bbox 531 3994 597 4070; x_wconf 86' lang='grc' dir='ltr'><strong><em>όνιερ</em></strong></span> <span class='ocrx_word' id='word_1_279' title='bbox 615 3996 719 4067; x_wconf 83' lang='grc' dir='ltr'><strong><em>εῖληγεν</em></strong></span> <span class='ocrx_word' id='word_1_280' title='bbox 736 3993 827 4060; x_wconf 78' lang='grc' dir='ltr'><strong><em>όξιῖον</em></strong></span> <span class='ocrx_word' id='word_1_281' title='bbox 844 4001 945 4068; x_wconf 79' lang='grc' dir='ltr'><strong><em>φέρειν,</em></strong></span> 
     </span>
    </p>

    <p class='ocr_par' dir='ltr' id='par_1_11' title="bbox 375 4080 948 4158">
     <span class='ocr_line' id='line_1_32' title="bbox 375 4080 948 4158; baseline -0.007 -16"><span class='ocrx_word' id='word_1_282' title='bbox 375 4084 446 4142; x_wconf 77' lang='grc' dir='ltr'><strong><em>Εἶτα</em></strong></span> <span class='ocrx_word' id='word_1_283' title='bbox 463 4089 591 4157; x_wconf 76' lang='grc' dir='ltr'><strong><em>βαρεῖαν,</em></strong></span> <span class='ocrx_word' id='word_1_284' title='bbox 608 4083 660 4140; x_wconf 83' lang='grc' dir='ltr'><strong><em>τόν</em></strong></span> <span class='ocrx_word' id='word_1_285' title='bbox 676 4082 849 4158; x_wconf 80' lang='grc' dir='ltr'><strong><em>περισπῶντα</em></strong></span> <span class='ocrx_word' id='word_1_286' title='bbox 865 4080 948 4140; x_wconf 79' lang='grc' dir='ltr'><strong><em>τόνον</em></strong></span> 
     </span>
    </p>

    <p class='ocr_par' dir='ltr' id='par_1_12' title="bbox 236 4168 1418 4334">
     <span class='ocr_line' id='line_1_33' title="bbox 376 4168 917 4244; baseline -0.009 -13"><span class='ocrx_word' id='word_1_287' title='bbox 376 4169 547 4237; x_wconf 78' lang='grc' dir='ltr'><strong><em>Ἀσπάζεται</em></strong></span> <span class='ocrx_word' id='word_1_288' title='bbox 564 4169 693 4228; x_wconf 82' lang='grc' dir='ltr'><strong><em>κάλλιστα</em></strong></span> <span class='ocrx_word' id='word_1_289' title='bbox 711 4171 823 4244; x_wconf 72' lang='grc' dir='ltr'><strong><em>τεγυιιεηί</em></strong></span> <span class='ocrx_word' id='word_1_290' title='bbox 839 4168 917 4243; x_wconf 75' lang='grc' dir='ltr'><strong><em>λόγῳ.</em></strong></span> 
     </span>
     <span class='ocr_line' id='line_1_34' title="bbox 236 4256 1418 4334; baseline -0.001 -18"><span class='ocrx_word' id='word_1_291' title='bbox 236 4266 264 4334; x_wconf 83' lang='grc'><strong><em>1)</em></strong></span> <span class='ocrx_word' id='word_1_292' title='bbox 281 4264 324 4316; x_wconf 80' lang='lat' dir='ltr'><strong><em>An</em></strong></span> <span class='ocrx_word' id='word_1_293' title='bbox 341 4262 482 4332; x_wconf 81' lang='lat' dir='ltr'>legendum</span> <span class='ocrx_word' id='word_1_294' title='bbox 501 4257 632 4317; x_wconf 80' lang='grc' dir='ltr'><strong><em>όόοίόεσιῖ</em></strong></span> <span class='ocrx_word' id='word_1_295' title='bbox 650 4263 690 4316; x_wconf 68' lang='lat' dir='ltr'><strong><em>0ss</em></strong></span> <span class='ocrx_word' id='word_1_296' title='bbox 707 4264 833 4333; x_wconf 78' lang='lat' dir='ltr'><strong>Hippocr-</strong></span> <span class='ocrx_word' id='word_1_297' title='bbox 850 4278 877 4331; x_wconf 80' lang='lat' dir='ltr'><strong><em>p·</em></strong></span> <span class='ocrx_word' id='word_1_298' title='bbox 890 4268 951 4326; x_wconf 76' lang='lat'><strong><em>²96,</em></strong></span> <span class='ocrx_word' id='word_1_299' title='bbox 969 4269 1009 4320; x_wconf 61' lang='grc' dir='ltr'><strong><em>διε</em></strong></span> <span class='ocrx_word' id='word_1_300' title='bbox 1028 4256 1114 4315; x_wconf 69' lang='grc' dir='ltr'><strong><em>δίδοτε</em></strong></span> <span class='ocrx_word' id='word_1_301' title='bbox 1132 4267 1267 4332; x_wconf 83' lang='grc' dir='ltr'><strong><em>κρημνοῖο</em></strong></span> <span class='ocrx_word' id='word_1_302' title='bbox 1284 4271 1328 4317; x_wconf 82' lang='grc' dir='ltr'><strong><em>ιιαῖ</em></strong></span> <span class='ocrx_word' id='word_1_303' title='bbox 1348 4258 1418 4316; x_wconf 85' lang='grc' dir='ltr'><strong><em>στά-</em></strong></span> 
     </span>
    </p>

    <p class='ocr_par' dir='ltr' id='par_1_13' title="bbox 165 4345 1234 4424">
     <span class='ocr_line' id='line_1_35' title="bbox 165 4345 1234 4424; baseline -0.003 -17"><span class='ocrx_word' id='word_1_304' title='bbox 165 4374 232 4424; x_wconf 91' lang='grc' dir='ltr'><strong><em>σιμα</em></strong></span> <span class='ocrx_word' id='word_1_305' title='bbox 248 4361 293 4407; x_wconf 85' lang='grc' dir='ltr'><strong><em>καλ</em></strong></span> <span class='ocrx_word' id='word_1_306' title='bbox 313 4347 429 4414; x_wconf 75' lang='grc' dir='ltr'><strong><em>όόοόόεα,</em></strong></span> <span class='ocrx_word' id='word_1_307' title='bbox 448 4351 494 4406; x_wconf 77' lang='lat' dir='ltr'><strong><em>ubi</em></strong></span> <span class='ocrx_word' id='word_1_308' title='bbox 512 4359 599 4404; x_wconf 67' lang='lat' dir='ltr'>tumen</span> <span class='ocrx_word' id='word_1_309' title='bbox 617 4366 670 4406; x_wconf 74' lang='grc' dir='ltr'><strong><em>τοο.</em></strong></span> <span class='ocrx_word' id='word_1_310' title='bbox 687 4353 780 4406; x_wconf 66' lang='lat' dir='ltr'><strong>Galon.</strong></span> <span class='ocrx_word' id='word_1_311' title='bbox 799 4351 885 4404; x_wconf 70' lang='lat' dir='ltr'><strong>Glon.</strong></span> <span class='ocrx_word' id='word_1_312' title='bbox 903 4349 1044 4418; x_wconf 74' lang='lat' dir='ltr'><strong><em>legendum</em></strong></span> <span class='ocrx_word' id='word_1_313' title='bbox 1062 4357 1103 4403; x_wconf 71' lang='grc' dir='ltr'><strong><em>σεδ</em></strong></span> <span class='ocrx_word' id='word_1_314' title='bbox 1121 4345 1234 4404; x_wconf 81' lang='grc' dir='ltr'><strong><em>όλιόόεα.</em></strong></span> 
     </span>
    </p>

    <p class='ocr_par' dir='ltr' id='par_1_14' title="bbox 237 4434 902 4510">
     <span class='ocr_line' id='line_1_36' title="bbox 237 4434 902 4510; baseline -0.003 -18"><span class='ocrx_word' id='word_1_315' title='bbox 237 4443 264 4510; x_wconf 80' lang='lat'><strong><em>2)</em></strong></span> <span class='ocrx_word' id='word_1_316' title='bbox 283 4441 308 4492; x_wconf 76' lang='lat' dir='ltr'>A</span> <span class='ocrx_word' id='word_1_317' title='bbox 326 4435 724 4507; x_wconf 70' lang='grc' dir='ltr'><strong><em>8ο1ιο1.ετσντάλειον·οτῖηοι</em></strong></span> <span class='ocrx_word' id='word_1_318' title='bbox 742 4434 902 4510; x_wconf 77' lang='grc' dir='ltr'><strong><em>Εἰριπῖδου·</em></strong></span> 
     </span>
    </p>

    <p class='ocr_par' dir='ltr' id='par_1_15' title="bbox 237 4521 1181 4686">
     <span class='ocr_line' id='line_1_37' title="bbox 377 4521 1181 4596; baseline -0.005 -14"><span class='ocrx_word' id='word_1_319' title='bbox 377 4524 476 4596; x_wconf 80' lang='grc' dir='ltr'><strong><em>Πέλοψ</em></strong></span> <span class='ocrx_word' id='word_1_320' title='bbox 495 4523 511 4580; x_wconf 84' lang='grc' dir='ltr'><strong><em>ό</em></strong></span> <span class='ocrx_word' id='word_1_321' title='bbox 532 4523 693 4582; x_wconf 69' lang='grc' dir='ltr'><strong><em>Ίωυτάλειοτ</em></strong></span> <span class='ocrx_word' id='word_1_322' title='bbox 709 4524 747 4585; x_wconf 82' lang='grc' dir='ltr'><strong><em>εῖτ</em></strong></span> <span class='ocrx_word' id='word_1_323' title='bbox 764 4530 870 4582; x_wconf 86' lang='grc' dir='ltr'><strong><em>Πῖσσιιν</em></strong></span> <span class='ocrx_word' id='word_1_324' title='bbox 889 4521 984 4596; x_wconf 83' lang='grc' dir='ltr'><strong><em>μόλοιν</em></strong></span> <span class='ocrx_word' id='word_1_325' title='bbox 1001 4524 1069 4594; x_wconf 85' lang='lat' dir='ltr'><strong>(Iph.</strong></span> <span class='ocrx_word' id='word_1_326' title='bbox 1087 4525 1118 4577; x_wconf 78' lang='grc' dir='ltr'><strong><em>Τ.</em></strong></span> <span class='ocrx_word' id='word_1_327' title='bbox 1135 4528 1181 4596; x_wconf 81' lang='grc'><strong>1.).</strong></span> 
     </span>
     <span class='ocr_line' id='line_1_38' title="bbox 237 4615 539 4686; baseline -0.03 -11"><span class='ocrx_word' id='word_1_328' title='bbox 237 4618 265 4686; x_wconf 84' lang='grc' dir='ltr'><strong><em>ε)</em></strong></span> <span class='ocrx_word' id='word_1_329' title='bbox 285 4615 325 4669; x_wconf 83' lang='grc' dir='ltr'><strong><em>οι.</em></strong></span> <span class='ocrx_word' id='word_1_330' title='bbox 343 4615 415 4670; x_wconf 69' lang='lat' dir='ltr'><strong>nist.</strong></span> <span class='ocrx_word' id='word_1_331' title='bbox 434 4622 477 4675; x_wconf 83' lang='grc' dir='ltr'><strong><em>ιι.</em></strong></span> <span class='ocrx_word' id='word_1_332' title='bbox 496 4623 539 4676; x_wconf 86' lang='grc' dir='ltr'><strong><em>ιε.</em></strong></span> 
     </span>
    </p>
   </div>
   <div class='ocr_carea' id='block_1_8' title="bbox 0 0 1490 5070">
    <p class='ocr_par' dir='ltr' id='par_1_16' title="bbox 0 0 1490 5070">
     <span class='ocr_line' id='line_1_39' title="bbox 0 0 1490 5070; baseline 0 0"><span class='ocrx_word' id='word_1_333' title='bbox 0 0 1490 5070; x_wconf 95' lang='lat' dir='ltr'><strong><em> </em></strong></span> 
     </span>
    </p>
   </div>
  </div>
 </body>
</html>
