2962 5070
684 216 879 282 ..4-

356 450 383 513 γ.
414 446 484 500 τοι
502 446 635 500 πσεισιι
651 447 827 499 mmm
846 445 914 499 τοι
931 445 1156 501 mmmm
1167 434 1201 515 ¹).

259 599 355 686 Ολμαί
368 625 402 669 σε
417 605 461 683 τῶ
474 604 534 667 τῶν
550 598 705 667 τοσοιίταν
723 596 840 684 ήμερῶν
858 597 990 684 ἀριθμῶ,
1014 603 1105 666 τοῦτο
1118 597 1175 686 γάρ
1188 624 1241 689 μοι
1254 596 1413 684 ἐτίγχανες

155 717 308 801 ἐγκαλῶν,
338 721 398 784 τῶν
423 719 477 802 τής
501 716 695 803 ἐκστρατείας
718 712 818 783 πόνων
839 713 1093 799 ἀναπεπαῦσθαι,
1125 709 1182 784 κάν
1206 711 1281 802 ἀπέρ
1302 713 1356 782 τῶν
1378 716 1413 783 ἐν

154 830 268 923 μάθοις
281 832 531 919 λογοποιούμενα
544 829 699 902 Ἄτλαντα
717 828 944 921 θυσβάστακτον
959 828 1038 899 οὕτω
1052 828 1103 901 καί
1128 830 1183 901 οάκ
1201 829 1367 918 εὐάγκαλον
1375 823 1411 922 ²)

156 949 284 1036 φορτίον
307 951 456 1038 ε’πίφερες.
507 945 571 1017 Καί
605 944 663 1037 γάρ
696 944 746 1017 καί
778 950 889 1024 ἐκεῖνος
911 945 928 1015 ὁ
950 943 1066 1025 Ἀτλας
1098 945 1268 1018 πλάττεταί
1295 976 1328 1016 τε
1357 945 1412 1017 καλ

155 1063 302 1152 γράφεται
327 1061 382 1134 τάν
406 1065 536 1152 οίιρανάν
561 1078 626 1143 τοῖς
655 1064 747 1152 ῶμοις
771 1061 930 1152 βαστάζων
963 1060 1013 1131 καλ
1038 1061 1215 1143 ἀποκλάζσιν
1238 1069 1282 1147 τῶ
1305 1062 1411 1153 βάρει·

156 1182 266 1268 ἱδρῶτί
286 1210 319 1249 τε
345 1186 451 1266 πολλῶ
475 1181 658 1270 περιρβεῖται
685 1179 737 1251 καί
766 1190 951 1269 περιπνεῖται
977 1184 1021 1264 τρῖ
1046 1176 1194 1266 ἄσθματι.
1242 1176 1315 1248 Κάν
1338 1185 1413 1266 γοῦν

155 1294 206 1364 καί
231 1295 305 1383 ὑπὲρ
336 1302 448 1371 τοῦτον
471 1298 595 1385 φορτίον
615 1302 689 1385 είχες
710 1296 856 1384 ῶμάθιον,
883 1296 945 1365 ἀλλ’
964 1294 983 1383 ή
1004 1323 1035 1382 γε
1055 1298 1086 1373 ἐς
1098 1301 1249 1365 τυσοῦτον
1270 1294 1411 1385 ῥριστῶνιγ

155 1440 188 1480 τε
209 1409 259 1480 καί
274 1409 310 1480 τὸ
331 1411 455 1499 νωχελές
473 1411 685 1501 καλ“ἀνεὀιμον
709 1412 908 1502 ἐξεκεκροάκει
929 1409 968 1482 ἀν
992 1416 1076 1499 οἶμαι
1090 1413 1143 1483 τάν
1162 1414 1195 1481 ἐκ
1221 1417 1278 1480 τοῦ
1293 1409 1413 1499 ἄχθους

155 1555 204 1598 σοι
234 1527 379 1614 κάματον.
430 1527 483 1616 Μή
516 1536 588 1617 γοῦν
616 1526 723 1600 λοὶπάν
750 1532 793 1598 ἐτι
821 1558 873 1617 μοι
907 1530 1080 1618 προφασίσρ
1112 1529 1180 1598 τινά
1214 1527 1413 1616 ιῦπρόσοιπον

155 1644 318 1732 πρόφασιν,
341 1645 412 1732 μηδ’
434 1648 476 1723 είς
500 1646 586 1717 κενῶν
611 1645 811 1734 φαλάξαντας
831 1644 911 1732 ήμῶς
935 1644 1134 1731 ἀποθείξειας,
1159 1645 1224 1712 ἀλλ’
1247 1643 1412 1731 ἐρευνήσας

156 1768 274 1830 στεῖλον
297 1762 365 1848 ήμῖν
387 1759 422 1831 τὸ
446 1765 562 1852 βιβλίον
587 1763 719 1842 εὐκόλως
744 1760 843 1848 ῶσπερ
865 1760 1027 1850 ἀπέλαβες·
1060 1759 1168 1849 άφιλυς
1192 1757 1249 1850 γάρ
1275 1757 1313 1829 ῶν
1337 1760 1411 1848 εἴης,

156 1882 184 1948 εί
202 1874 243 1966 μή
267 1884 362 1948 τοῦτο
386 1877 550 1965 ποιήσειας.
595 1877 738 1967 Ἐβρασο

223 2132 247 2181 μ
278 2113 348 2166 ται
364 2112 535 2167 mmm
552 2113 623 2167 ror
638 2111 1018 2167 πυαυοεεετικοευοο
1033 2110 1169 2164 xmo?
1190 2109 1346 2164 οσιεαιικ

623 2209 693 2263 rm
711 2210 895 2263 Bormm
908 2197 945 2277 ³).

260 2363 323 2432 Οάκ
346 2363 444 2438 αἴτιος
467 2358 523 2449 ι’γῶ
546 2361 712 2450 τριπόθχτε
737 2366 793 2431 τοῦ
823 2357 864 2447 μή
894 2358 1019 2449 γράφειν
1044 2385 1093 2429 σοι
1118 2357 1185 2428 οὐδ’
1219 2358 1344 2445 ἀφιλίαν
1369 2358 1412 2436 ῶς

157 2479 306 2557 ὀνειδίζεις
329 2477 490 2565 νενόσηκα·
521 2477 564 2565 μή
587 2505 624 2564 με
648 2488 718 2555 ταῖς
742 2476 914 2566 ῥητορικοῖς
943 2474 1161 2564 πειθανάγκαις
1185 2474 1236 2546 καλ
1261 2486 1325 2552 τοῖς
1349 2481 1414 2545 τῶν

157 2595 253 2684 λόγοιν
269 2595 438 2682 κομψότησι
452 2594 708 2683 παραλογίζεσθαι
725 2593 837 2680 νόμιζε
864 2593 919 2663 οάκ
939 2591 1035 2670 αίτιος
1050 2588 1107 2680 ἐγῶ
1127 2592 1275 2679 οάθαμῶς,
1295 2596 1413 2678 μᾶλλον

158 2711 190 2780 δέ
215 2711 252 2781 οὐ
279 2710 295 2779 ὁ
320 2714 530 2801 τριβελτιστος·
584 2710 661 2780 Τότε
686 2708 743 2800 γάρ
768 2709 786 2797 ή
808 2709 906 2799 γραφή
939 2707 1155 2780 πολιτεύεσθαι
1179 2709 1304 2794 εἴωθεν,
1336 2707 1413 2779 ὅταν

158 2829 188 2895 σί
212 2825 368 2914 ὀφθαλμοί
388 2822 426 2896 τά
452 2831 568 2898 ἑαυτῶν
591 2829 780 2898 ἀδυνατῶσιν
800 2826 981 2915 ἐργάζεσθαι
1004 2825 1091 2914 μήκει
1115 2825 1188 2895 ὁδοῦ
1213 2823 1411 2911 κωλυόμενοι·

157 2943 194 3013 σί
222 2942 253 3012 θέ
273 2944 420 3031 πρότήτες
443 2941 524 3014 κατά
545 2942 599 3032 τήν
617 2944 686 3034 παρ’
707 2944 785 3032 ήμᾶς
810 2940 923 3032 ἀγοράν
943 2943 1141 3031 διερχόμενος,
1164 2948 1283 3030 μᾶλλον
1307 2941 1340 3011 δέ
1360 2939 1413 3011 καί

159 3056 233 3136 στάς
258 3063 290 3130 ἐν
304 3061 380 3147 αὐτή
404 3061 474 3150 παρ’
492 3061 574 3148 ήμῶν
591 3058 776 3148 καλοίμενος
800 3061 856 3130 οὐκ
878 3061 1030 3149 ήθέλνχσας
1048 3063 1090 3138 εἷς
1112 3055 1147 3128 τὸ
1167 3057 1249 3146 ήμῶν
1267 3057 1414 3147 θομάτιον

156 3177 301 3253 είςιλθεῖν
324 3175 374 3246 καλ
399 3177 479 3264 ήμάς
508 3180 745 3266 ἐπισκέψασθαι.
793 3177 908 3246 Καίτοι
931 3204 963 3266 γι
994 3173 1045 3247 καί
1073 3173 1167 3263 μόνον
1190 3174 1273 3264 είπερ
1298 3177 1411 3262 ἐφίλεις

152 3293 215 3360 ,ἔδει
241 3321 274 3363 σε
290 3298 381 3362 τοῦτο
402 3299 610 3383 πεποιηκέναι·
636 3295 673 3363 οά
692 3292 751 3382 γάρ
773 3291 831 3364 ὑπὸ
853 3291 982 3382 κήρυκάς
998 3289 1118 3379 τινοςή
1143 3291 1351 3381 προκλήτορος
1369 3303 1417 3365 δεῖ

157 3405 230 3486 τοὺς
250 3415 417 3505 ’φιλοῦντας
435 3408 511 3499 πρὸς
531 3413 605 3491 τοάς
629 3411 736 3499 φίλους
754 3412 953 3499 είσίρχεσθαι,
978 3409 1042 3478 ἀλλ’
1065 3406 1172 3496 ἀκλήτλ
1186 3406 1239 3499 καί
1257 3409 1336 3479 κατά
1358 3408 1414 3478 τάν

158 3522 301 3615 ίμηρικάν
326 3529 438 3597 ε’κεῖνον
461 3532 627 3601 Μενελαον.
664 3522 711 3597 Οὔ
735 3526 770 3613 δή
796 3525 885 3616 χάριν
898 3519 933 3618 4)
959 3528 1015 3617 ε’γῶ
1038 3526 1187 3616 πάμπολα
1211 3522 1358 3615 λυπηθείς
1375 3531 1414 3612 τῇ

48 3852 53 3858 -
160 3806 250 3866 παίσειε
269 3809 411 3868 ἐπιστολάς
428 3820 473 3868 καὶ
491 3809 555 3884 ἐξῆι
572 3808 657 3868 πάλιν
681 3816 870 3884 συνηνωμένον
893 3809 944 3867 τάν
965 3811 1034 3888 τῇδε
1055 3816 1177 3884 κείμενον
1200 3808 1257 3867 τῶν
1278 3809 1414 3884 βραχειῶν

162 3896 289 3969 ἱστοριῶν
305 3895 476 3972 βραχίτστον
493 3906 594 3957 πιλαιια
611 3907 657 3956 κοιλ
674 3901 725 3957 τῶν
742 3900 801 3957 τῶν
817 3899 919 3957 λοιπῶν
931 3899 1059 3973 ἱστοριῶν
1074 3905 1203 3973 μέγιστον
1219 3904 1335 3955 πίνακα·
1352 3920 1414 3968 1⁰⁴·

159 3982 249 4058 ροίιόυ
267 3983 297 4042 δὲ
315 3985 365 4058 οίῶ
384 3985 562 4059 ἐμπιστείται
578 3986 630 4059 τήν
647 3986 787 4060 παροῶσαν
803 3988 979 4062 μεταγρπφήν
1000 3997 1046 4046 καλ
1062 3987 1124 4045 δοάι
1140 3997 1186 4045 καλ
1203 3985 1309 4060 μισθῶν
1325 3984 1414 4060 τοίτφ

158 4072 341 4148 καλλιγράφου
357 4072 438 4148 λόγου
455 4074 534 4139 ἀξίου
550 4083 596 4132 καλ
613 4073 698 4133 είπῶν
715 4076 787 4133 οέίτοι
803 4074 981 4152 μεταγράψαι
998 4087 1043 4134 καί
1062 4074 1147 4133 αίτάν
1165 4072 1201 4132 ῶι
1219 4081 1311 4147 χοῖρον
1329 4074 1415 4133 ὄντας

160 4162 192 4235 ἐχ
205 4157 283 4234 εάρον
296 4167 453 4236 καταπειθῆ
465 4163 536 4222 ἀλλά
548 4163 688 4234 πολλαχῶς
700 4161 878 4239 κοπρῶοοινιιι
892 4163 925 4222 τῶ
937 4165 1053 4241 βιβλίον.
1072 4160 1196 4239 Πράσγει
1208 4161 1241 4220 τά
1254 4162 1350 4220 λοιπῶν
1358 4162 1414 4221 κτλ.

232 4257 260 4324 ι)
279 4255 319 4308 οι.
337 4256 407 4308 nist„
426 4264 451 4314 ε.
470 4263 495 4313 ε.

233 4345 261 4414 2)
280 4343 320 4396 Of.
338 4343 434 4396 Aesoh.
451 4345 539 4398 Prom.
557 4350 635 4405 ὅπα
646 4337 773 4414 Ἔστησε,
790 4337 856 4399 κίον’
873 4339 987 4416 οέρσνοῦ
1003 4363 1034 4399 τε
1050 4347 1096 4398 ιιιιλ
1113 4338 1215 4415 χθυνέι
1226 4337 1326 4413 ’Ὧμοιι
1342 4339 1415 4411 ἐρεί-

162 4426 232 4494 δων,
249 4429 338 4499 ἐίγθοι
353 4429 402 4486 οάιι
421 4427 577 4502 ιίάγιιολον.
687 4432 694 4446 ’

232 4522 260 4587 5)
279 4519 319 4574 Of.
337 4521 407 4574 nist„
426 4529 451 4580 5.
469 4530 496 4581 4.

232 4611 262 4678 4)
280 4609 305 4662 Δ
321 4609 425 4664 SehoL:
442 4606 536 4682 Χάριν
551 4606 769 4680 καταχρηστικῶς
786 4602 849 4664 ἀντὶ
865 4604 918 4664 τιν’
930 4605 1016 4664 ἕνεκα.
