2962 5070
549 221 799 305 .-'85-.

54 432 152 513 Κοῖον
170 425 215 496 ἀπ’
234 424 411 514 ἀλλοτρίησι
426 427 612 514 ξυμφορῆσιν
623 424 701 503 ι’θίας
718 423 906 513 καρπέμινος
920 424 1027 512 λόειοις,
1041 426 1093 498 καὶ
1109 434 1180 499 τῖτο
1196 431 1317 510 πάντως
1361 489 1366 499 .

55 545 218 632 ἀρχιερέως
241 541 336 613 τόπον
350 542 509 641 ,ἀκραιφνῆ
533 547 698 631 τηροῦντος
721 548 777 612 τοῦ
802 541 899 620 όντως
922 542 1055 630 μεγάλου
1081 545 1241 635 ἀρχιερέως
1265 548 1316 617 καί

10 704 22 713 -
55 658 260 749 φιλανθρσόπε
289 664 357 727 θεό.
403 655 561 747 Ἀνηγγελη
591 687 642 745 μοι
673 655 731 746 γὰρ
761 655 848 746 παρά
873 665 908 729 τό
940 652 1087 747 ἱερωτάτε
1111 663 1318 751 μητροπολίτεΙ

54 777 214 865 Δρίστρας
234 774 293 845 όσα
317 802 350 845 τε
374 772 442 863 περὶ
466 774 550 862 ῆμιόν
564 773 681 861 ῆκέσθη
700 779 739 859 τῆ
762 780 802 860 σῆ
823 773 958 862 ἁγιότητι
980 774 1031 845 κοὰ
1051 775 1134 855 ὅπως
1159 781 1316 867 δυςφόρως

53 893 113 982 τῆν
137 893 278 981 ἀγγελίαι
301 889 466 978 ἁπῆνεγκας
481 889 534 959 καὶ
557 888 641 968 ὅπως
656 887 692 959 τό
716 889 839 979 τάριχος
857 891 1070 978 ἀπισίμνυνας,
1097 876 1203 980 ζημίαν
1225 899 1318 982 λέγων

54 1011 204 1098 γεγονέναι
238 1014 300 1078 τοῖν
330 1006 414 1094 ῆμάν
441 1004 596 1093 τελευτῆν·
631 1006 672 1083 ἀς
697 1005 780 1094 είπερ
808 1003 881 1094 ῆγιεν
914 1008 1131 1097 όἈργιμῆθης
1164 1014 1274 1088 ἐκεῖνος
1300 1011 1317 1079 ό

54 1124 249 1209 Συρακόσιος
265 1116 305 1213 ¹),
330 1121 365 1201 ἀς
386 1123 422 1191 οά
440 1122 539 1209 λόγοις
554 1119 658 1207 μόνοις
679 1119 759 1191 ἀλλά
776 1121 826 1192 καί
847 1125 945 1210 έργοις
968 1122 1059 1192 παντὶ
1075 1131 1121 1208 τῆ
1144 1128 1200 1215 βίφ
1217 1130 1317 1195 ἐλυσι-

53 1245 162 1329 τέλησε
185 1238 236 1310 καί
260 1241 304 1309 ἔτι
329 1240 361 1308 δὲ
386 1236 437 1308 καί
461 1232 564 1307 θανοόυ
588 1250 653 1315 τοῖς
681 1239 904 1328 συγγράμμασιν
938 1237 1019 1325 ὅμως
1044 1247 1198 1310 λυσιτελεῖ
1249 1241 1316 1311 Καὶ

53 1358 129 1431 τότε
150 1365 202 1446 γέν
219 1359 304 1427 ένεκα
326 1356 367 1442 ἔχ’
385 1356 574 1444 ῆκιστατοῖν
594 1354 703 1442 ἀλλων,
728 1360 757 1427 ει’
773 1352 814 1443 μῆ
838 1354 889 1425 καί
909 1359 1009 1442 πλέον,
1029 1364 1204 1443 προςκυνιόν
1225 1359 1316 1445 εόχα-

55 1479 151 1564 ριστοό
176 1479 213 1560 τῆ
235 1480 272 1561 σῆ
297 1472 446 1561 ἁγιότητι·
478 1479 636 1558 προςκυνοὶ
660 1473 692 1540 δὲ
716 1471 768 1542 καί
793 1473 848 1541 τόν
874 1471 959 1558 ἁγιόν
973 1466 1001 1556 ²)
1029 1503 1067 1559 με
1094 1473 1242 1561 δεσπότην
1265 1474 1317 1544 καὶ

46 1590 192 1678 ,ἀδελφόν
206 1596 260 1677 τῆς
272 1589 437 1677 ἁγιωσόνης
455 1616 491 1659 σε
511 1587 563 1658 καὶ
578 1588 697 1665 πάντας
712 1586 762 1665 τάς
779 1585 838 1657 όπό
857 1589 913 1673 τῆν
929 1588 1012 1674 ἁμῶν
1032 1589 1198 1678 ἁγιωσόνην
1214 1591 1317 1661 ἀσπά-

56 1711 166 1795 ζομαι,
197 1703 313 1784 δεικνὺς
338 1705 379 1782 ἀς
403 1706 446 1773 ἔτι
459 1703 524 1790 ,μὲν
549 1707 606 1788 ζεῖ,
638 1705 734 1793 βραχὰ
760 1706 791 1772 θ’
820 1705 966 1772 ἀναπνέω.
1012 1703 1053 1772 Ἀ
1077 1705 1106 1772 θ’
1134 1705 1251 1793 ῆκέσθη
1277 1713 1316 1793 τῆ

57 1821 208 1911 ἁγιωσόνη
227 1819 354 1908 σεηπερῖ
368 1823 433 1907 έμιῖ,
458 1821 492 1890 τί
510 1817 548 1889 άν
568 1819 618 1890 καί
636 1824 747 1908 λέγοιμι
753 1850 763 1904 ,·
789 1819 840 1890 έτε
862 1823 965 1909 ἀληθῆ
978 1826 1077 1890 ταῦτα
1093 1828 1195 1910 τολμοῖ
1215 1827 1316 1910 λέγειν,

58 1943 102 2019 ζεῖ
127 1934 185 2026 γὰρ
206 1939 293 2016 είςέτι
323 1935 372 2007 ότι
398 1939 507 2014 τελέως
530 1937 764 2024 θιαφευδόμευαι
801 1926 906 2024 Λόγοι,
931 1938 1076 2008 θειότατε
1100 1939 1243 2026 ὄεσπότα,
1269 1969 1318 2027 γε-

57 2053 222 2144 γηρακότες
254 2078 309 2122 κυα·
339 2054 445 2140 ἔξωροι
476 2051 528 2122 καί
560 2059 614 2139 τῆς
644 2053 778 2143 θυραίας
802 2060 920 2141 γραφῆς
949 2052 1142 2142 τιθηνῆματα
1166 2054 1320 2144 Κάστορα

57 2170 110 2241 καὶ
131 2168 328 2255 Πολυθιόκην
345 2167 419 2254 φασὶ
444 2168 577 2247 ζόοντας
597 2171 783 2258 ότιρημίρες,
805 2167 917 2256 ἀλλοτε
934 2171 964 2238 θ’
992 2165 1031 2239 αά
1057 2199 1089 2238 τε
1114 2170 1319 2256 θνῆσκουτας·

54 2288 117 2376 ’έγοὰ
143 2288 176 2356 δὲ
200 2287 278 2363 τίνες
301 2285 355 2372 μὲν
379 2285 396 2354 ό
418 2283 555 2373 Κάστωρ
589 2285 639 2355 καλ
664 2283 861 2372 Πολυθεόκης
883 2286 917 2355 ιἰκ
944 2284 1041 2373 ίσημι,
1075 2287 1111 2355 οά
1136 2282 1192 2375 γάρ
1218 2287 1319 2366 τέτοις

59 2407 204 2492 ε’νέτυχον,
228 2388 359 2489 ἐμαυτόν
377 2401 415 2470 ’θά
431 2401 562 2491 ἀκριβεῖς
586 2407 663 2487 οῖδα,
690 2401 731 2478 ἀς
751 2399 995 2489 έμφυγοςείκὰυ
1018 2403 1198 2489 ἀμφοτέρων
1222 2406 1319 2472 καθέ-

58 2548 176 2609 στηκα,
208 2520 317 2607 καίπερ
346 2524 392 2603 τιῆ
416 2518 537 2606 ἀριθμῷ
568 2523 663 2587 τελεῖν
686 2519 736 2595 εἷς.
781 2517 911 2589 ’Ἀλλοτε
941 2517 999 2608 γάρ
1034 2519 1099 2598 ζιόω
1132 2519 1319 2609 ἁτερῆμερος,

58 2637 172 2707 άλλοτε
195 2634 334 2721 θνῆσκω·
366 2640 410 2719 τοῆ
436 2641 472 2703 τό
490 2635 608 2724 Ἡρόθε
636 2638 693 2725 γὰρ
718 2634 863 2721 νοσήματι
889 2635 1042 2724 γινόμενος
1066 2634 1211 2724 κάτοχος,
1242 2637 1321 2722 πλῆν

57 2758 162 2843 μέντοι
185 2757 240 2838 τῆς
265 2755 326 2820 τοῖν
349 2748 511 2838 σκωλῆκων
534 2751 702 2842 ε’κβρὰσεως
727 2752 947 2839 ἀσθματίζοντι
970 2751 1067 2821 πάθει
1091 2750 1143 2821 καί
1168 2752 1275 2822 κοόλων
1290 2745 1318 2834 ³)

27 2889 31 2895 '
58 2869 367 2961 mmmmm}
392 2866 553 2956 ἀλγηδόσι,
586 2880 727 2956 πυρετοῖς
750 2868 893 2954 κὀιόσοις,
922 2869 1116 2957 ῥιυματικαῖς
1136 2868 1321 2957 καταρῥοίας

10 2978 14 2985 ’
58 2992 221 3075 ἀποφοραῖς
245 2983 297 3054 καὰ
322 2982 428 3063 ἀλλοις
455 2983 518 3072 ἁμα
542 2984 607 3072 όγιιῖ.
662 2986 704 3054 Τί
726 2981 764 3054 ἀν
786 2983 838 3055 καὶ
864 2986 992 3073 λέγοιμι,
1025 2983 1083 3053 ὅσα
1108 2983 1162 3070 μέν
1193 2983 1252 3053 καὶ(
1270 2985 1344 3052 σίαΙ

57 3111 143 3197 βοοὰ,
175 3101 273 3189 σόςπερ
298 3128 345 3178 τις
369 3099 533 3188 έξεστηιιοός
556 3099 607 3171 καί
628 3101 878 3190 περιφερόμενος,
911 3100 1016 3177 όσάιιις
1040 3101 1072 3169 δὲ
1098 3101 1322 3188 ἀνεκαλεσάμην

59 3201 149 3297 τινάς
174 3222 277 3300 δεξιοῖς
301 3220 442 3295 ἕλκοντας
466 3219 564 3304 ξίφος,
588 3218 629 3295 σός
652 3215 689 3289 ἀν
710 3226 746 3288 τό
766 3217 902 3308 ἀφορῆτε
927 3216 1018 3305 ἀλγες
1041 3246 1078 3304 με
1104 3217 1321 3302 ἀπαλλάξειαν,
1369 3270 1371 3275 -

19 3366 27 3379 ·
60 3337 170 3415 ὁσάκις
194 3336 226 3405 δὲ
251 3333 376 3423 άρμησα
400 3331 481 3404 κατά
505 3341 638 3422 κεφαλῆς
665 3333 797 3423 έμαυτόν
820 3338 853 3404 έκ
877 3341 914 3402 τέ
938 3334 1056 3422 όπεριῆε
1082 3341 1193 3423 βαλεῖν,
1217 3334 1258 3403 ἁν
1282 3331 1321 3403 ἀν

10 3458 15 3465 ”
60 3452 223 3542 εἰιφόγοιμε·
243 3447 282 3520 τό
306 3450 410 3520 δεινόν.
444 3437 524 3520 Ἀλλ’
551 3454 580 3520 εί
602 3451 653 3530 καί
675 3451 782 3541 μικρόν
804 3480 834 3520 τι
853 3452 1071 3538 ι’πιβηματίζειν
1093 3451 1320 3539 έπιχειρῆσαιμι,

60 3569 146 3643 ἀνόω
170 3568 223 3656 μὰν
245 3573 313 3637 τεόν
329 3569 526 3653 ἐλπιζομένων
549 3567 631 3654 ιἰθέυ,
661 3566 960 3646 πολλαπλασιάζεται
976 3559 1011 3655 4)
1044 3565 1078 3634 δὲ
1103 3561 1141 3633 τό
1159 3573 1339 3653 τῆς,συμ-’

61 3691 163 3774 φοράς
188 3683 349 3772 ἀδιῆγητον
369 3681 474 3772 -όςπερ
502 3681 537 3753 τό
562 3691 623 3773 πόρ
656 3695 805 3774 σφοδραῖς
832 3685 944 3774 ῥανίσιν
969 3680 1230 3768 όπαναπτόμενον.
1282 3685 1322 3751 Οἱ

62 3804 308 3890 συμπαθέστεροι
333 3797 366 3868 δὲ
391 3804 450 3868 τεόν
476 3799 694 3901 όδοιιιορόντων
718 3800 769 3870 καὶ
800 3798 972 3890 ἁμορόντων
1001 3796 1078 3887 πρὸς
1100 3794 1156 3874 τάς
1181 3798 1322 3886 ἀκρατεῖς

61 3914 195 3994 ε’λεεινὰς
219 3917 335 3992 έκείνας
358 3912 472 4002 φωνάς,
495 3913 595 3993 άλλως
618 3917 677 4006 γὰρ
702 3917 738 3985 οὔ
756 3916 899 3987 δόνανται
923 3925 1057 4007 βοηθεῖν,
1083 3916 1113 3982 οἱ
1136 3913 1191 4002 μὲν
1211 3914 1322 4003 βόθινν

22 4074 28 4081 ·
60 4037 252 4125 προπέμπεσι
276 4031 458 4120 στεναγμόν,
490 4035 520 4101 οῖ
545 4032 577 4102 δέ
602 4031 653 4102 καὶ
679 4033 857 4123 όιλόρονται,
888 4030 944 4123 ἁγά
969 4031 1002 4101 δὲ
1028 4028 1081 4101 τόν
1108 4031 1177 4118 παρ’
1201 4030 1321 4119 Ὁμῆρῳ
1420 4103 1426 4121 x

60 4150 259 4225 κλυτόπωλυν
280 4151 389 4218 ε’κεῖνον
410 4154 463 4219 νόν
483 4153 610 4239 ἐπέγνων
626 4151 769 4220 ἁπάντων
789 4148 1078 4241 βραδυπωλότατον,
1102 4146 1154 4217 καὶ
1175 4149 1211 4216 ου’
1227 4146 1321 4236 μόνον

62 4285 275 4309 “¹¹‘'-

136 4361 164 4428 1)
182 4360 208 4410 B
222 4354 389 4426 συρακόυιοτ.

136 4451 166 4519 2)
183 4449 206 4499 Β
225 4440 387 4517 ἁγιάτιιτου.

136 4539 165 4608 3)
183 4537 206 4589 Β
222 4529 319 4589 κόλων.

135 4625 166 4694 4)
183 4625 205 4677 Β
222 4614 476 4686 πολοπλασιάζετιιε.
