2962 5070
631 231 854 297 ..20-

112 420 172 486 νών
196 421 250 504 τῆς
274 414 402 493 ὁλλάθος
425 415 647 502 ἀνασκιρτησας
663 408 692 498 ¹)
717 416 824 502 ὁργίων
843 410 889 501 ²),
919 412 1087 502 παράηεσιν
1111 416 1232 487 Αἰακόν
1256 446 1289 486 τε
1315 413 1367 487 ιιαί

113 533 320 635 Δευκαλίωνα,
346 529 400 601 τόν
414 532 468 620 μίν
484 528 520 602 τό
541 539 596 618 τῆς
609 533 733 621 Αἰχίνης
748 531 958 620 ἀπάνθρωπον
973 526 1000 616 ³)
1024 535 1266 622 δυσχεραίνοντα,
1283 541 1367 602 Δεο-

114 648 247 718 καλίωνα
269 649 301 717 ὁὸ
325 645 404 733 μετά
427 649 481 717 τόν
495 656 630 735 Βοραῖον
655 652 767 717 ἐκεῖνον
785 649 1007 737 κατακλυσμόν,
1031 652 1104 737 περί
1124 676 1154 718 τι
1178 649 1368 738 παρνάσσιον

113 764 325 851 ἀκροκόρυφον
348 764 438 851 μόλις
460 767 670 848 περισωθέντα
697 763 774 851 μετά
804 772 858 852 τῆς
883 764 1049 853 λάρνακος,
1083 765 1306 854 ὀλοφυρόμενῶ
1334 794 1368 835 τε

100 881 179 949 ,οἷον
202 878 254 949 καί
278 878 351 950 ὅσον
377 880 515 950 ἀπώλετο
534 880 778 968 Πελοποννήσιον
802 910 834 950 τε
859 879 910 950 καί
929 880 1067 968 Ἰσθμιον
1090 883 1233 968 ἔμψυχον,
1257 887 1369 968 ωιλαν·

82 999 84 1005 ἰ
113 996 259 1083 θρώπους
284 999 435 1083 ἱκετηρίας
458 995 506 1066 ἰπί
532 994 618 1086 χονην
643 997 814 1085 ἀνθρώπων
843 996 991 1074 αἰτοάσας
1013 1009 1213 1086 προςενεχκεῖν
1236 1004 1280 1082 τῷ
1305 1000 1367 1066 Διΐ.

117 1113 179 1181 Τόν
204 1114 236 1181 ὁὸ
259 1111 331 1190 τοὺς
355 1115 499 1200 αἰχιναίες
521 1112 575 1200 μὲν
597 1112 756 1201 μόρμηκας
774 1117 885 1197 Αἰακῷ
905 1119 1085 1201 μεταβαλεῖν
1110 1114 1153 1190 εἰς
1173 1111 1368 1198 ἀνθρώπους,

113 1231 301 1298 Δευκαλίωνι
323 1229 357 1297 ὁὸ
377 1226 429 1306 τὸς
451 1231 539 1305 λίθος
562 1236 787 1318 τιῑΠαρνασσῖ.
822 1227 917 1299 Κατά
935 1225 990 1299 τόν
1006 1231 1205 1301 Δευκαλίωνα
1227 1236 1370 1317 τοιηαριῑν

112 1345 162 1414 καὶ
181 1342 284 1429 αάτὸς,
309 1342 479 1430 Καισάρων
500 1345 637 1432 ἀπόηονε,
656 1345 867 1434 κατακλυσμὸν
885 1346 963 1434 πλὴν
976 1346 1011 1416 ἰκ
1033 1344 1158 1437 ὄμβριον
1174 1346 1255 1414 ἀλλά
1272 1347 1370 1433 πυρός

113 1458 239 1549 διαδρὰς
264 1460 316 1530 τὸν
341 1464 374 1541 ἐξ
396 1461 564 1547 οἰκολοχικὸ
576 1454 605 1546 4)
630 1462 830 1549 μισανθρώπο
855 1464 1058 1549 χορτομανίας
1083 1462 1290 1551 ἀναῤῥαηίντα
1316 1488 1368 1547 μοι

113 1580 262 1665 ἱκετηρίαν
282 1570 312 1662 5)
342 1576 451 1663 ὁμοίαν
477 1579 599 1655 ἐκείνοις
623 1581 846 1666 προςανατείνω
872 1606 937 1663 σοι,
969 1577 1011 1655 ώς
1034 1585 1089 1665 τῆς
1113 1578 1293 1666 ὁμορούσης
1316 1605 1369 1664 μοι

111 1696 265 1787 συνοικίας
288 1690 409 1780 ἀπάσης
431 1693 588 1772 κελειίσαις
612 1694 802 1784 ἀπελαθῆναι
826 1693 879 1765 τὸν
901 1694 1020 1783 χόρτον,
1046 1693 1210 1783 ἀνθρώπες
1233 1693 1267 1763 ὁὸ
1291 1693 1369 1780 ὁμο·

112 1810 245 1897 γλώσσας
271 1811 507 1898 ἀντεισαχθῆναί
526 1839 577 1898 μοι
603 1812 755 1899 γείτονας,
781 1811 830 1880 ἵνα
854 1840 901 1889 τις
920 1809 988 1896 εἰπη
1009 1838 1039 1878 τι
1063 1809 1131 1897 περί
1156 1817 1191 1880 σῖ
1216 1808 1267 1880 καί
1293 1810 1371 1896 ἀψι-

112 1927 205 2016 ηὸνωυ
231 1927 411 2013 ἀνθρώπων,
435 1928 477 2005 ώς
502 1928 518 1995 ὁ
543 1930 711 2018 Σερβιλίων
732 1925 901 2016 Καισάρων
922 1926 1070 2014 ἀπόγονος
1091 1929 1277 2014 αἰτησαμένῳ
1292 1928 1372 1995 ποτί

111 2073 168 2112 τινι
193 2057 364 2131 γραμματεῖ
384 2044 456 2121 τοὸς
476 2044 585 2132 χόρτος
605 2047 648 2122 εἰς
673 2043 856 2131 ἀνθρώπους
879 2047 1031 2133 μετέβαλε.
1070 2043 1229 2131 Καθάπερ
1253 2041 1325 2130 πρίν
1349 2042 1366 2111 ὁ

113 2157 192 2237 Ζεὸς
217 2157 267 2237 τίις
288 2159 446 2247 μύρμηκας
470 2164 579 2244 Αἰακῷ
600 2159 650 2229 καί
675 2157 749 2237 τοιίς
774 2163 861 2237 λίθος
885 2165 929 2244 τῷ
951 2162 1149 2245 Δευκαλίωνι,
1176 2158 1273 2236 οὕτως
1300 2160 1371 2247 ἡμῖν

113 2276 218 2360 αὐτός,
244 2273 267 2342 ἀ
290 2277 461 2364 κυθροτάτη
487 2273 577 2364 ψυχή,
603 2273 642 2345 τά
667 2282 701 2346 τῖι
725 2273 819 2364 πυρός
845 2276 1053 2346 ἀποοκέὁασον
1077 2275 1214 2367 φόβητρα
1238 2274 1290 2345 καί
1315 2273 1370 2346 τόν

113 2390 232 2459 ἀνωθεν
257 2392 325 2478 ἡμῖν
349 2392 525 2480 ἰπιρῥίοντα
551 2390 763 2479 κατακλυσμόν
781 2395 1003 2481 μετοχίτευοον.
1051 2393 1099 2461 Ἐν
1122 2393 1285 2480 μεταιχμίῳ
1310 2393 1370 2481 χάρ

111 2508 194 2594 ἡμεῖς
206 2507 300 2596 πυρός
316 2507 477 2597 φοβῆτρων
494 2507 545 2577 καί
564 2509 717 2588 ὁὸατώὸος
731 2514 925 2596 κατακλυσμὸ
941 2508 1185 2596 καθεστήκαμεν·
1208 2501 1370 2593 κάτωθιθ)

111 2625 165 2708 μὲν
185 2621 242 2711 ηάρ
266 2624 333 2710 ἡμῖν
357 2624 372 2692 ὁ
393 2623 502 2712 χόρτος
516 2625 714 2714 ὁπόστρωται,
740 2624 860 2696 ἀνωθεν
882 2625 913 2695 δὲ
932 2623 999 2711 περὶ
1021 2623 1057 2694 τό
1081 2624 1252 2712 ὁπ’ίρθυρον
1272 2624 1371 2706 πολὸς

10 2833 12 2836 ⁴
113 2741 129 2809 ὁ
155 2737 243 2818 ὁετός
268 2740 391 2830 ε’πιρῥεῖ
446 2743 617 2828 Τρίςπατος
641 2736 692 2810 καί
718 2742 734 2829 ἡ
761 2745 841 2812 οἰκία
869 2742 920 2811 καί
945 2738 1180 2830 ῖεροπρὸςπολος
1205 2739 1381 2841 ἀνθρωποςΙ

113 2865 264 2944 δευτερεῖα
285 2862 344 2925 τῶν
370 2858 614 2945 ἱεροπροςπόλων
640 2855 738 2945 λαχών
764 2857 826 2927 ἀνω
848 2858 932 2946 ἡμῶν
953 2869 1101 2946 παροικεῖ.
1155 2856 1240 2942 Τίτῳ
1264 2867 1372 2937 παῖδες

113 2975 140 3040 εἰ
164 2973 204 3059 μι)
226 2970 305 3040 κατά
318 2973 460 3060 Πρίαμον
481 2972 531 3043 καί
544 2972 669 3044 Δαναόν
688 2973 739 3045 καί
758 2972 810 3045 τόν
823 2974 979 3063 Αἴγυπτον
1000 2975 1064 3043 ἀλλ’
1089 2969 1124 3043 ἰν
1144 2976 1246 3053 πλείες
1263 2980 1371 3060 πολληῐ

109 3095 174 3157 τών
191 3081 221 3170 7)
246 3093 300 3175 τῆς
323 3089 441 3178 Νιόβης
465 3090 517 3160 καί
544 3098 580 3161 τί
597 3093 769 3180 Ἀμφίονος.
820 3093 1028 3177 Συντρίφεται
1054 3090 1087 3160 δὲ
1115 3101 1179 3169 τοῖς
1206 3089 1292 3163 παισί
1317 3086 1371 3160 καί

113 3207 221 3274 συίὅια.
266 3203 362 3273 Ταυτὶ
381 3203 552 3281 τάπαιδιά
575 3206 625 3278 καί
649 3209 689 3277 τά
712 3211 811 3278 συΐδια
833 3214 888 3294 τῆς
905 3212 1040 3295 ξερξικῆς
1066 3206 1196 3286 ἱππάδος
1220 3205 1256 3278 τὸ
1281 3211 1372 3277 ἀναν·

114 3323 180 3390 τίον
206 3319 379 3409 ἐργάζεται·
412 3322 429 3408 ἡ
453 3325 547 3409 Ξίρξε
572 3323 705 3414 μὲνγὰρ
730 3320 766 3394 τό
792 3321 863 3413 πρὶν
887 3322 978 3403 ἵππος
1001 3337 1079 3395 πιεῖν
1107 3323 1294 3396 ε’πικάπτεοα
1316 3320 1372 3403 τός

113 3435 251 3525 ποταμός
276 3438 460 3525 ἀπεξήρανεν
476 3430 519 3525 8),
545 3439 586 3518 ώς
607 3453 758 3529 μαρτυρεῖ
774 3438 842 3527 περί
861 3438 914 3528 την
927 3442 1033 3511 Ἀσίαν
1054 3441 1071 3510 ὁ
1088 3442 1276 3531 Μαίανδρος,
1301 3439 1372 3530 περί

114 3605 204 3658 Fabiis
222 3607 346 3659 Romanis
364 3624 411 3675 per
429 3608 535 3675 longam
554 3626 661 3662 avorum
686 3611 781 3662 seriem
804 3615 889 3662 ortum
908 3609 1023 3664 duxisse.
1060 3609 1151 3666 Obiter
1174 3615 1275 3662 tantum
1293 3608 1372 3662 Nice·

113 3694 209 3763 phorus
228 3691 276 3762 τῆν
293 3689 482 3764 ἀρχαιογουίατ
500 3692 556 3750 τῶν
573 3695 725 3769 Koma-051¹
744 3698 873 3752 meminit.

189 3785 216 3852 1)
235 3781 260 3833 A
278 3778 481 3851 ἀνακροτήσας.

187 3876 216 3935 2)
235 3871 333 3923 Kiessl.
352 3873 393 3924 ed.
412 3867 531 3941 ἀρχείων.
614 3936 618 3943 ,

186 3960 213 4026 5)
232 3959 254 4008 Β
272 3951 465 4028 ἐνάνθρωπον,
484 3961 524 4012 ed.
542 3962 639 4014 Kiessl.
656 3956 853 4030 ἀπάνθρωπον.

167 4048 213 4132 ,4)
233 4041 395 4115 οἰκολοηικὸι
412 4049 516 4100 videtur
533 4045 608 4112 ἀπαξ
627 4042 775 4120 λεγόμενον.
802 4050 854 4103 sed
871 4047 1015 4121 οἰκολὸγοτ,
1032 4058 1138 4104 curator
1155 4047 1252 4104 domm.
1288 4049 1373 4118 Typi·

114 4148 174 4186 oum
190 4151 239 4186 ms.
257 4141 367 4188 monast.
403 4137 533 4205 Deiparae
556 4132 605 4206 τῆς
622 4141 848 4208 κεχαριτωμένητ,
875 4155 898 4194 ο.
918 4145 976 4198 14.κ
1002 4135 1032 4193 οἰ
1047 4134 1103 4194 τιάν
1121 4133 1268 4210 οιίιολὸχύιν
1286 4136 1374 4209 λοχα-
1415 4187 1417 4191 ,

114 4224 224 4291 ριασμοι·
242 4221 393 4294 (Ducang.)⁸
429 4226 451 4275 Β
473 4221 645 4296 οἰκυλογικῆτ.

186 4312 214 4379 5)
233 4311 258 4361 A
275 4309 432 4379 σι’κετηριάν.

187 4397 215 4465 6)
233 4399 255 4448 Β
274 4390 407 4454 κάτωθεν.
444 4400 539 4452 Forma
556 4392 665 4455 κάτωθε
682 4416 724 4470 ορ.
742 4400 829 4456 Ττειο.
848 4401 1024 4474 Exeg.11.p.
1044 4410 1106 4469 ¹³2,
1125 4409 1182 4478 ίθα
1200 4397 1237 4459 εἶτ
1254 4396 1304 4473 την
1322 4399 1373 4482 ὁπῇ

114 4477 183 4537 αὸτὸ
202 4479 313 4540 κάταιθε
328 4481 479 4540 θάλατταν.

189 4576 215 4644 7)
235 4573 259 4623 A
278 4591 327 4627 om.
345 4575 483 4627 articulum
503 4573 566 4628 τών.
620 4631 624 4637 ,

187 4662 215 4733 8)
234 4661 256 4714 Β
275 4655 456 4737 άπεξῄραινεν
474 4668 501 4716 ολ
517 4660 557 4729 εἷο
576 4675 677 4732 quoque
694 4664 723 4715 in
741 4659 853 4718 (Ῑλιὶλίαά.
