2962 5070
687 213 881 278 ..4-

358 447 385 510 μ.
416 443 486 497 τοι
504 443 638 496 mm
654 443 829 496 τισαυππε
848 443 916 496 τοι
934 442 1158 498 mmmm
1169 431 1203 512 ¹).

262 596 358 682 Οἶμαί
370 622 403 665 σι
419 601 463 680 τῶ
476 600 537 664 τῶν
553 594 707 665 τοσούτων
725 593 842 681 ἡμερῶν
860 593 992 681 άριθμῶ,
1017 600 1107 662 τοῦτο
1120 594 1177 684 γάρ
1191 622 1243 685 μοι
1256 592 1413 681 ἐτύγχανες

158 713 310 799 ε’γκαλῶν,
340 717 401 781 τῶν
426 716 479 799 τῆς
504 713 697 799 ε’κστρατείας
720 708 820 780 πόνων
842 710 1095 796 ἀναπεπαῦσθαι,
1127 706 1184 781 κάν
1208 709 1283 800 ύπὲρ
1304 710 1358 779 τόν
1379 713 1413 779 όν

156 826 270 914 μύθοις
282 827 533 916 λογοποιούμενα
547 826 701 898 Ἀτλαντα
719 825 946 917 δυσβάστακτον
960 825 1040 897 ούτω
1054 825 1106 897 καί
1130 827 1185 897 οόκ
1204 820 1411 918 ιύάγκαλονῗ)

159 946 286 1032 φορτίον
309 948 458 1034 ε’πόφερις.
509 942 574 1014 Καί
607 940 665 1033 γάρ
698 942 748 1014 καλ
781 947 891 1020 ἐκεῖνος
914 942 930 1012 ό
952 939 1068 1021 Ἀτλας
1100 943 1270 1014 πλάττεταί
1297 972 1330 1012 τε
1359 941 1413 1013 καλ

157 1059 304 1148 γράφεται
329 1058 384 1142 τόν
408 1062 538 1149 ούρανόν
563 1075 628 1140 τοῖς
657 1060 749 1148 ῶμοες
773 1059 932 1150 βαστάζων
965 1057 1015 1128 καί
1041 1059 1217 1140 ὑποκλύζειν
1240 1066 1284 1144 τῶ
1308 1059 1412 1149 βάρει·

158 1179 267 1264 ἱδρῶτί
288 1207 320 1247 τε
348 1183 453 1262 πολλῶ
478 1178 661 1267 περιρῥεῖται
688 1176 739 1247 καλ
769 1188 953 1266 περιπνεῖται
979 1182 1022 1261 τηῑ
1049 1173 1196 1263 άσθματι.
1245 1173 1318 1245 Κάν
1340 1182 1414 1262 γοῦν

157 1291 208 1361 καί
233 1292 308 1379 ὑπὲρ
339 1299 450 1367 τοῦτον
473 1295 598 1382 φορτίον
618 1299 691 1383 εἶχες
712 1292 859 1381 ῶμάδιον,
885 1293 947 1362 ἀλλ’
967 1290 986 1380 ἧ
1007 1320 1037 1379 γε
1057 1295 1088 1370 ε’ς
1100 1298 1251 1362 τοσούτου
1272 1291 1412 1381 ῥᾳστώνη

158 1436 190 1477 τε
211 1406 312 1477 καὶτὸ
333 1409 457 1496 νωχελός
475 1409 688 1496 καὶζάνόσιμον
711 1409 911 1498 όξεκεκρούκει
931 1405 970 1478 άν
995 1412 1078 1496 οἶμαι
1092 1410 1145 1480 τόν
1165 1411 1197 1479 ε’κ
1223 1414 1280 1477 τοῦ
1295 1406 1414 1495 άγθους

158 1552 206 1595 σοι
237 1523 381 1612 κάματον.
432 1523 485 1613 Μὴ
518 1532 590 1613 γοῶν
618 1523 725 1596 λοὶπόν
753 1529 797 1595 ότι
823 1554 876 1614 μοι
910 1527 1082 1616 προφασίση
1114 1525 1182 1594 τινά
1216 1524 1414 1613 εύπρόσωπον

158 1641 320 1729 πρόφασιν,
343 1642 414 1729 μηδ’
436 1645 478 1720 είς
502 1644 588 1713 κενόν
613 1641 813 1731 φυλάξαντας
834 1641 914 1730 ἡμεῖς
937 1641 1136 1728 άποδείξειας,
1161 1640 1225 1709 ἀλλ’
1249 1639 1412 1729 ἐρευνήσας

159 1765 277 1828 στεῐλον
299 1757 367 1845 ἡμῖν
389 1755 424 1828 τό
447 1761 564 1849 βιβλίον
589 1759 721 1838 εὐκόλως
746 1757 845 1843 ῶσπερ
867 1757 1029 1846 άπελαβες·
1061 1755 1171 1846 ἄφιλος
1194 1754 1251 1848 γάρ
1277 1755 1315 1827 όν
1339 1756 1412 1844 εἴης,

159 1878 186 1944 εἰ
203 1871 245 1962 μη“
270 1881 364 1945 τοῦτο
388 1874 552 1962 ποιήσειας.
597 1874 741 1964 Ἐῤῥωσο

225 2128 250 2177 γ,
280 2109 350 2163 νον
366 2109 537 2163 mmm
554 2110 625 2164 νον
640 2108 1020 2164 Πεπνοουπιενινον
1035 2107 1171 2163 mor
1192 2106 1348 2161 MIXAHA

625 2207 695 2259 ναι
713 2206 898 2261 Βοννττιπ
910 2194 947 2274 ³).

262 2359 325 2428 Οόκ
348 2358 446 2434 αίτιος
469 2355 525 2445 ι’γῶ
549 2356 715 2446 τριπόθητε
740 2362 796 2426 τοῦ
825 2353 866 2444 μη
896 2354 1021 2447 γράφειν
1045 2383 1095 2426 σοι
1120 2355 1187 2424 οὐδ’
1221 2355 1346 2442 ἀφιλίαν
1371 2354 1413 2431 ῶς

159 2474 308 2554 ὀνειδίζεις
331 2473 492 2562 νονόσηκα·
523 2473 566 2562 μή
589 2502 626 2562 με
651 2485 720 2552 ταῖς
744 2473 917 2561 ῥητορικοῖς
945 2471 1163 2561 πειθανάγκαις
1187 2470 1238 2541 καί
1263 2482 1327 2548 τοῖς
1351 2477 1415 2540 τῶν

87 2607 89 2611 ’
159 2591 256 2680 λόγων
271 2590 440 2679 κομφότησι
455 2591 710 2679 παραλογίζεσθαι
727 2588 839 2677 νόμιζε·
866 2589 921 2659 οὐκ
941 2587 1037 2666 αἴτιος
1053 2584 1109 2676 ε’γῶ
1129 2589 1278 2677 οὐδαμῶς,
1298 2593 1415 2674 μᾶλλον

160 2707 192 2776 δὲ
217 2707 254 2778 σύ
281 2707 297 2775 ό
322 2710 533 2797 τριβόλτιστος·
586 2707 664 2776 Τότε
689 2705 745 2798 γάρ
770 2706 788 2793 ἦ
810 2705 909 2794 γραφη
941 2704 1157 2777 πολιτεύεσθαι
1181 2704 1306 2790 εἴωθεν,
1339 2703 1414 2774 όταν

159 2825 190 2891 οί
214 2821 370 2911 ὀφθαλμοί
391 2819 428 2893 τό
454 2827 570 2894 όαυτῶν
593 2825 782 2895 ἀδυνατῶσιν
802 2821 983 2910 ε’ργάζεσθαι
1007 2822 1093 2910 μήκει
1117 2821 1190 2891 όδοῶ
1215 2819 1413 2907 κωλυόμενοι·

160 2939 196 3008 σό
224 2938 255 3008 δὲ
276 2939 422 3027 πρότητες
446 2937 526 3011 κατά
547 2937 601 3029 τίγν
619 2941 688 3029 παρ’
709 2940 787 3029 ἡμᾶς
812 2937 925 3028 άγοράν
945 2938 1143 3027 διερχόμενος,
1167 2944 1286 3026 μάλλον
1310 2938 1341 3009 δὲ
1362 2935 1414 3008 καὶ

161 3052 236 3133 στάς
260 3059 292 3125 ε’ν
307 3057 383 3143 αύτῇ
406 3057 476 3145 παρ’
494 3057 577 3145 ἡμῶν
593 3056 778 3144 καλούμενος
803 3057 857 3126 ούκ
880 3057 1031 3145 ἧθίλησας
1049 3059 1092 3134 εἰς
1114 3052 1149 3124 τά
1169 3054 1251 3142 ἡμῶν
1269 3054 1415 3143 δομάτιον

159 3173 303 3248 είςελθεῖν
326 3171 376 3242 καλ
402 3173 481 3261 ἡμεῖς
510 3175 747 3263 ε’πισκελυαοθαι.
795 3174 909 3242 Καίτοι
934 3201 966 3262 γε
997 3171 1048 3243 καὶ
1075 3170 1169 3261 μόνον
1193 3169 1275 3262 εἴπερ
1300 3173 1412 3259 ε’φιλεις

154 3289 218 3356 όδει
243 3317 277 3357 σε
292 3294 383 3359 τοῦτο
404 3295 613 3380 πεποιηκέναι’
639 3290 675 3359 ού
694 3289 752 3380 γάρ
776 3287 833 3360 §ab
855 3288 984 3378 κόρυκός
1000 3317 1081 3367 τινος
1101 3285 1120 3375 ἢ
1145 3288 1353 3379 προκλότορος
1370 3299 1418 3361 δεῖ

160 3400 232 3481 τούς
252 3411 419 3501 Ιφιλοῦντας
437 3404 514 3496 πρὸς
533 3408 608 3487 τούς
631 3407 738 3495 φίλους
757 3408 955 3497 νόσίρχνσθαι,
980 3406 1045 3475 ἀλλ’
1068 3403 1173 3493 άκλητλ
1189 3403 1241 3495 καὶ
1259 3406 1338 3476 κατά
1360 3405 1415 3475 τόν

160 3518 303 3609 όμηρικδν
329 3525 440 3593 ε’κεῖνον
463 3528 629 3597 Μενέλαον.
667 3518 713 3592 Ού
737 3522 772 3609 δη
798 3521 886 3612 χάριν
900 3516 934 3614 4)
961 3524 1017 3613 ε’γῶ
1040 3523 1189 3611 πάμπολυν
1213 3518 1360 3611 λυπηθείς
1377 3527 1416 3607 τῇ

50 3847 57 3854 -
162 3801 252 3863 πάσσε
272 3805 413 3864 ἐπιστολάς
430 3816 475 3864 κοιλ
494 3806 558 3880 ε’ξῆε
574 3803 659 3863 πάλιν
683 3812 872 3880 συνηνωμένον
895 3806 946 3863 τόν
967 3807 1036 3884 τῇδε
1057 3812 1179 3880 κείμενον
1202 3805 1259 3863 τῶν
1280 3805 1416 3881 βραχειῶν

164 3892 291 3965 ἱστοριῶν
308 3892 479 3968 βραχύτατον
495 3902 597 3953 πίνακα
614 3903 660 3952 καλ
676 3897 727 3952 τόν
744 3897 803 3952 τῶν
819 3895 921 3953 λοιπῶν
933 3895 1061 3969 ἱστοριῶν
1077 3901 1205 3969 μέγιστον
1221 3900 1337 3952 πίνακα·
1354 3916 1416 3965 2⁰⁶·

161 3979 251 4054 ροδιόο
270 3980 299 4038 δὲ
317 3982 368 4054 οἰῶ
386 3980 564 4056 ἐμπιστεόοαε
580 3982 632 4054 τήν
649 3982 789 4056 παροῦσαν
805 3984 981 4058 μεταγραφὴν
1002 3993 1047 4042 καλ
1064 3983 1127 4042 δοόε
1143 3994 1188 4041 ιιειλ
1205 3982 1310 4056 μισθόν
1328 3980 1415 4056 ταύτην

161 4069 343 4144 καλλιγρόφου
360 4069 441 4145 λόγου
458 4070 536 4135 άξίου
552 4079 598 4128 ιιαλ
615 4069 700 4128 είπῶν
717 4071 789 4128 οότοι
805 4070 983 4148 μεταγράφων
1000 4083 1045 4130 καλ
1064 4071 1149 4129 αότόν
1167 4068 1203 4129 εόε
1221 4077 1313 4145 χοῖρον
1331 4070 1416 4129 ίίντυισ

162 4158 195 4232 όγ
207 4153 286 4232 εόρον
299 4163 455 4232 καταπειθῆ
468 4159 538 4217 όλλῶ
550 4160 690 4230 πολλαγῶε
702 4158 880 4236 κοπρῶααντα
894 4159 927 4220 τό
939 4161 1055 4237 βιβλίον.
1074 4157 1198 4235 Πρόογεε
1210 4157 1243 4216 τό
1256 4158 1351 4217 λοιπόν
1360 4157 1416 4217 κτλ.

234 4254 262 4320 ι)
281 4251 321 4304 οι.
339 4252 410 4304 σοι
428 4259 453 4310 1.
472 4259 498 4309 ι.

235 4342 263 4410 ²)
282 4339 322 4392 Of.
340 4339 436 4393 Δεεοο.
453 4340 541 4394 Prom.
560 4346 637 4402 me
648 4333 775 4411 Ἕστηιιι,
792 4333 858 4396 κίον’
874 4335 990 4413 οόραννύ
1005 4358 1036 4395 τι
1052 4343 1098 4395 καλ
1115 4334 1217 4412 γθονόε
1228 4333 1328 4409 ’Ὡμοιε
1345 4335 1417 4406 ἐρεί-

164 4422 233 4490 δων,
252 4425 340 4494 &zoae
356 4425 404 4481 οόιι
423 4422 579 4498 εόόγιιαλον.
689 4428 696 4443 ’

234 4517 262 4584 3)
281 4514 321 4568 Of.
339 4516 409 4570 Hist.
428 4525 453 4576 5.
471 4527 499 4578 4.

234 4607 264 4674 δ)
282 4604 308 4658 Δ
323 4605 427 4660 Βολεολι
445 4602 537 4679 Χάριν
554 4602 771 4678 καταχρηστικῶς
788 4598 852 4660 όντλ
867 4601 920 4660 τού
932 4601 1018 4660 ἕνεκα.
