2962 5070
625 211 847 278 „mm

110 403 250 469 ἐντεῦθεν
270 397 384 468 αάτόθτ
411 403 465 487 μιᾷ
484 399 611 487 χερσαίηι
641 394 687 484 νηί
712 391 902 486 ψευδίστατα
926 395 1177 487 διεπόρθμευσεν,
1207 396 1226 485 ᾖ
1251 395 1302 468 καλ
1327 393 1365 468 τό

110 514 165 585 σὸν
184 515 307 604 γράμμα
326 515 450 585 πεισθέν
468 514 510 592 ῶς
529 515 606 603 πρός
628 515 708 602 ἡμᾶς
726 513 794 602 περὶ
814 514 909 584 τόπων
927 512 1140 603 ἐπεσημήνατο.
1180 513 1229 584 Τά
1248 517 1281 584 δέ
1303 514 1366 603 άρα

109 629 189 718 ἦσαν
209 633 251 710 ῶς
268 631 285 701 ὁ
305 629 489 709 διδάσκαλος
514 630 617 719 κάρτος
636 631 788 721 βασίλειος
800 631 896 719 ψήφῳ
913 638 967 719 τῆς
983 635 1067 719 ἱεράς
1085 634 1224 721 ηερεσίας
1247 631 1366 719 ἐτάχθη

110 751 165 835 τὴν
189 748 259 833 παρ’
283 749 371 835 ὑμᾶς,
397 746 416 835 ἢ
440 754 559 836 μᾶλλον
581 747 629 834 ἐφ’
651 746 687 835 ἦν
707 747 790 834 όμεῖς
810 750 947 818 Φιλίππε
967 748 1056 818 πόλιν
1081 752 1267 837 ἱεροπρεπῶς
1288 776 1367 817 ναυ-

110 871 229 954 κληρεῖν
251 863 303 934 καλ
327 862 363 932 τό
388 863 460 933 τότε
481 870 584 948 πολλῶ
608 867 897 953 τεραστιωδέστερον
922 867 963 943 ῶς
985 864 1036 935 καὶ
1064 866 1082 934 ὁ
1108 869 1238 953 Τζέτζης
1264 865 1366 949 τοότω

110 981 335 1070 συνεκδημησειε
352 973 381 1065 1)
403 981 458 1066 την
480 979 692 1067 Μεγαλόπολιν
715 980 874 1066 παρεικῶς.
918 981 1016 1051 Οὐδὲν
1040 978 1074 1050 ἀν
1095 987 1222 1051 τοσότον
1246 982 1368 1069 ἀπᾷδον

109 1098 161 1168 καλ
187 1100 310 1176 ἀπεικός
334 1096 402 1185 περὶ
427 1103 461 1166 τό
484 1097 649 1167 διδασκάλε
676 1097 804 1165 τοιαῦτά
830 1126 913 1175 τινας
944 1099 1096 1168 ἀνατυπάν
1125 1098 1366 1184 ἀναπλάσματα’

112 1218 224 1302 Τζέτζη
246 1218 282 1283 δέ
297 1244 365 1283 τινα
380 1214 570 1283 ἀποπτειῖσαί
586 1243 643 1283 τινι
657 1214 791 1292 συνόλως
806 1218 969 1301 ἐκδημῆσαι
983 1208 1013 1299 ²)
1034 1213 1111 1301 πρός
1130 1216 1367 1303 Φιλιππόττσλιν,

110 1336 138 1400 εἰ
159 1331 200 1418 μή
226 1361 264 1400 πε
286 1331 359 1418 ἀργῇ
385 1360 443 1400 τινι
467 1329 609 1419 θεηλάτῳ
633 1328 809 1421 ἢβασιλικῇ
831 1326 984 1419 δυςμενείμ
1006 1329 1142 1420 σφοδράν
1164 1361 1197 1401 τε
1215 1332 1267 1403 καί
1290 1334 1368 1403 ἀδυ·

110 1446 251 1534 σῶπητον
266 1446 351 1534 ἐχάση
374 1448 428 1534 τὴν
453 1447 656 1534 ἀγανάκτησιν
672 1447 798 1535 ἐσχάτης
817 1448 947 1524 ἀτοπίας
969 1446 1030 1517 ἐστέ
1051 1446 1102 1518 καί
1122 1455 1215 1537 ψιλῆς
1231 1453 1368 1528 ἐπινοίας

112 1564 296 1651 ἀνάμεστυν’
323 1565 372 1633 οἷά
396 1593 453 1652 περ
479 1567 554 1632 εἶναι
579 1558 766 1651 μυθεόονται
792 1563 825 1632 τό
845 1593 878 1633 τε
897 1564 1071 1642 Ἀντίιτυδες
1096 1564 1147 1634 καί
1170 1569 1204 1634 αἱ
1229 1569 1307 1636 ἐδέαι
1332 1573 1368 1636 τέ

111 1683 283 1759 Πλάτωνος
298 1680 349 1751 καλ
368 1681 398 1749 εί
413 1710 442 1749 τι
464 1680 560 1749 τόπων
579 1672 852 1770 ψευδεπινάστερον.
889 1681 969 1750 Ἀλλ’
994 1681 1035 1758 ῶς
1052 1683 1146 1750 ἐοικεν
1166 1681 1228 1769 ἀρα
1249 1711 1296 1761 τις
1312 1689 1369 1771 τῆς

112 1800 320 1889 ἀχρημοσύνης
338 1793 367 1885 ³)
386 1829 426 1886 με
449 1797 605 1884 καταγνίς,
626 1799 661 1867 ἀκ
682 1796 795 1886 ε’πιγνέις
813 1801 848 1866 δι’
864 1797 957 1885 μετά
983 1800 1155 1883 ἐλευθέριον
1175 1805 1298 1868 ποιεῖτον
1315 1799 1368 1869 καί

110 1930 175 1996 τοῖς
199 1917 325 2005 τρόποις
348 1943 385 2002 με
411 1914 607 1984 όπετόπασεν.
652 1916 734 1983 Ἀλλ’
762 1912 824 2003 άρα
849 1916 865 1982 ὁ
891 1921 962 1984 τότε
986 1914 1185 1992 όποτοπάσας
1208 1912 1287 1984 πολά
1314 1924 1368 2004 τῆς

111 2034 227 2122 ηνοόμης
249 2063 288 2119 με
313 2029 519 2119 διημάρτηκεν.
557 2027 631 2119 Ἐηῶ
656 2031 715 2119 γάρ
738 2034 767 2100 εἶ
788 2030 839 2100 καλ
857 2031 1012 2119 καματηρόν
1036 2029 1130 2117 φάναι
1155 2059 1191 2119 με
1217 2031 1369 2120 όπεριίχάς

113 2154 247 2241 σεβαςῶν
267 2149 486 2236 παρωσάμενος
508 2146 558 2216 καὶ
583 2150 730 2236 βασιλέως
744 2157 855 2226 παῖδας
872 2149 923 2225 τός
944 2147 1064 2223 πάντας
1085 2144 1187 2234 σχεδόν
1210 2149 1278 2233 μεθ’
1295 2148 1370 2217 αἷωὶ

110 2297 146 2354 με
173 2271 355 2353 λεπαρῖιντας
379 2272 440 2333 τῶν
461 2264 679 2353 παρακλήσεων
699 2263 863 2350 συνδιάμειν
887 2260 938 2331 καὶ
962 2264 1235 2349 παραδυναστεάειν
1262 2265 1368 2342 αὐτοῖς

112 2384 232 2474 ὀβελίαν
256 2380 351 2469 άρτον
377 2381 558 2468 ιἠρετισάμην
582 2378 632 2448 κοιλ
660 2378 742 2464 όδωρ
768 2381 881 2448 ἐσθίειν
893 2371 927 2468 4)
958 2380 1019 2468 μετ’
1047 2380 1240 2468 ἀπράγμονος
1262 2386 1369 2470 βιοτῆς

110 2497 130 2587 ἢ
155 2512 223 2577 ταῖς
244 2497 474 2587 Σαρδαναπάλο
499 2499 662 2584 τραπέζαις
676 2489 706 2578 ⁵)
728 2495 830 2586 ἁβρῶς
852 2498 957 2583 διαζῆν
980 2494 1030 2564 καί
1056 2495 1265 2584 περιρρεῖσθαι
1289 2494 1370 2564 πλί-

111 2604 203 2700 τῳιθ)
231 2615 392 2702 ὄχλοχαρεῖ
411 2610 461 2681 καί
487 2613 656 2704 θορυβῶδει
681 2619 723 2697 τῷ
747 2614 812 2701 βίῳ.
859 2613 963 2700 Ἀρκεῖ
987 2609 1044 2699 γάρ
1071 2614 1249 2700 ἐλευθερίως
1273 2611 1370 2703 μικρά

110 2759 163 2820 μοι
189 2729 240 2800 καί
262 2729 406 2800 πλειόνων
419 2731 631 2826 ἀνελευθέρως
656 2729 692 2798 οά
717 2732 867 2817 κέχρημαι.
900 2729 1095 2815 Ἀφραίνοντι
1112 2727 1168 2816 ηάρ
1191 2726 1241 2798 καί
1263 2757 1370 2816 παροι-

112 2849 239 2934 πλησίον
255 2851 340 2934 οἶμαι
363 2852 503 2944 νοσοῦντι
526 2843 652 2935 χρυσός,
678 2843 760 2922 κόνις
784 2843 865 2930 ῶχρά
889 2872 941 2932 μοι
966 2854 1048 2914 δοκεῖ
1070 2843 1120 2914 καὶ
1146 2846 1232 2913 λίθοι
1254 2844 1371 2931 ψήφων

111 2965 273 3051 θαλάσσης
297 2961 531 3050 ἐλαχεστότεροι,
557 2961 607 3032 καί
633 2968 724 3051 λῆρος
748 2960 851 3031 πάντα
875 2961 999 3039 ὁπόσοις
1023 2960 1183 3048 ἅνθρωποι
1206 2968 1371 3049 μαυρῶνται

111 3079 162 3150 καὶ
188 3080 432 3172 ἐναμβράνοντιιι.
476 3079 572 3169 Ἀρτε
596 3081 670 3166 μόνε
694 3077 747 3148 ’καί
772 3077 896 3156 όδατος-
909 3081 1050 3166 κε’χρημαι
1072 3077 1122 3148 καὶ
1142 3077 1200 3148 ὅσα
1225 3084 1371 3168 περιβλη-

111 3198 216 3284 μάτων
236 3198 276 3266 τά
297 3199 514 3286 χρειωδίστερα
534 3195 586 3267 καὶ
608 3194 645 3266 τό
662 3196 802 3283 Πινδάρε
825 3194 875 3265 καλ
892 3201 1098 3282 Σολομῶντος
1119 3193 1165 3264 ἀεὶ
1180 3200 1372 3283 παραληρῶν
1390 3265 1393 3270 ,

112 3344 144 3383 τε
169 3312 219 3382 καί
243 3312 450 3400 παρακόπτοι
474 3316 507 3383 ἐκ
523 3315 763 3403 τῆςηροντίδος
780 3318 958 3402 προςλαλῶ·
984 3309 1020 3381 τό
1043 3310 1211 3400 ματαιότης
1234 3337 1371 3398 ματαιο-

112 3429 225 3517 τὴτων,
250 3428 302 3499 καὶ
327 3427 363 3500 τό

266 3547 309 3616 Τι’
329 3547 364 3614 δό
385 3566 449 3624 τιςς
474 3545 507 3614 τί
528 3544 560 3613 δ’
585 3545 621 3614 οά
643 3545 709 3624 τίςς
733 3550 819 3624 σκιάς
843 3542 918 3632 όναρ
934 3541 1117 3629 Ἄνθρωπος
1129 3535 1169 3628 ⁷).

208 3661 264 3732 'Ar
288 3668 359 3749 γοῦν
378 3688 424 3739 τις
449 3659 529 3729 οὕτω
552 3662 689 3750 χολῶντά
713 3691 750 3749 με
771 3667 936 3750 προφανῶς
957 3659 1100 3749 ἐατρεάση
1126 3656 1191 3728 τινί.
1208 3663 1373 3747 καθαρσίῳ

112 3779 245 3857 κενῶσας
260 3774 327 3866 ιμου
352 3775 406 3865 τὴν
425 3773 532 3865 χολὴν,
559 3778 685 3847 συνιδῶν
709 3777 781 3856 ἴσως
803 3775 839 3847 τὸ
863 3780 945 3863 δίον,
972 3779 1087 3865 όιμομαι
1112 3788 1176 3854 τοῖς
1198 3775 1374 3847 κελεόουσιν

113 3915 325 3934 Μ

185 3983 213 4050 1)
232 3982 254 4032 Β
273 3973 472 4047 συνεκόημῆσει.

185 4070 213 4138 2)
231 4070 253 4119 B
273 4062 477 4136 συνεκόημῆσαι.

184 4159 212 4227 5)
231 4158 253 4207 Β
272 4150 468 4226 ἀγνωμοσύνην.

183 4247 212 4316 4)
230 4244 370 4298 Aeoh01.:
390 4241 474 4312 ἀρτον
492 4247 536 4294 καλ
555 4236 627 4311 ὕδωρ
647 4237 895 4312 &volumnum
909 4236 940 4294 τό
956 4237 1060 4310 σχῆμα·
1080 4237 1164 4310 ἀρτου
1182 4237 1294 4302 ἐσθίειν,
1313 4235 1375 4296 λεί.

112 4355 158 4388 πει
176 4331 205 4389 δὲ
224 4341 269 4388 καὶ
288 4330 320 4388 τό
340 4329 412 4404 ὕδωρ
429 4334 530 4386 πίνειν·
550 4325 586 4383 ῶν
602 4325 666 4402 παρ’
682 4324 805 4398 Ὀμὴριμ,
822 4327 902 4382 ἰ’πνιοι
921 4323 1083 4399 ἀερσίποδες.

185 4424 213 4492 5)
231 4424 253 4475 Β
271 4424 397 4492 τρυφαῖς,
415 4420 462 4473 sed
480 4433 609 4488 suprascr.
626 4418 779 4490 τραπέζαις.

185 4513 214 4581 6)
232 4512 254 4562 Β
272 4507 313 4578 τῶ
328 4505 426 4575 πλάνῳ.

185 4595 531 4671 ηωῂωω
