2962 5070
630 206 850 301 ..ηρ-
954 151 1043 234 ι’

116 395 148 466 δὰ
174 391 214 464 τὰ
239 392 332 464 λοιιιὰ
356 397 416 462 τοῖν
441 389 610 482 ἀρωμάτων
632 391 847 481 δεκατημόριον
871 394 954 483 φέρει
977 398 1031 482 τὴς
1055 390 1242 484 ἀμβροσίας,
1276 396 1312 466 τί
1319 395 1364 468 ἀν

116 541 162 590 τις
180 512 220 582 τό
237 518 290 600 τῆς
311 515 367 597 σῆς
384 508 548 598 ἁγιωσύνης
571 510 692 578 καλέσαι
712 508 861 597 ἀρώματα
879 508 899 598 ἡ
920 513 988 581 τίνα
1002 518 1146 600 προςφυὰ
1168 516 1364 603 προςεπιθείη

32 669 45 682 -
115 629 237 708 τούτοις
261 629 315 717 τὴν
339 621 442 715 κλὴσιν
463 624 715 714 ύπερανεστηκόσι
735 626 850 705 παντός
871 626 970 704 εἴδους
994 628 1164 716 ἁρύματος.
1199 630 1364 718 Ἡρόδοτος

115 746 166 834 μὲν
197 748 255 835 γὰρ
277 743 402 826 Ὀξύλου
433 742 450 812 ἁ
476 743 660 831 συγγραφεύς
689 741 812 830 γράφων
840 741 909 833 περί
939 750 994 833 τὴς
1021 746 1199 834 εύδιιίμονος
1218 744 1364 840 Ἀραβίας

20 888 23 894 ’
116 860 223 950 φησὶν,
254 862 295 940 οἱς
318 857 399 950 αύρά
423 888 470 937 τις
495 862 643 949 ζεφυρῖτις
672 859 756 948 ἡδεῖα
784 864 1021 949 προςεπιπνέεσα
1038 854 1068 947 1)
1099 863 1287 953 ἀρωματίζει
1317 865 1363 939 καῖ

116 982 222 1069 δένδρα
243 977 294 1048 καί
318 985 370 1067 γῆν
399 976 450 1048 καὶ
471 976 502 1046 εί
519 1005 548 1045 τι
574 974 649 1045 άλλο
674 983 728 1064 τῆς
757 977 933 1066 εὐδαίμονος
955 967 1172 1066 ἐκείνης’έστάν
1200 982 1362 1074 Ἀραβίοις·

46 1184 52 1189 .
115 1096 156 1165 τὰ
179 1095 211 1166 δύ
234 1096 318 1184 παρὰ
347 1101 403 1190 τῆς
429 1100 481 1182 σὴς
507 1095 645 1182 μεγίστης
668 1092 832 1183 ἁγιωσύνης
859 1095 1008 1184 ἀρούματα
1039 1103 1302 1186 καταπεμφθόντα
1325 1109 1364 1188 τηῖ

115 1212 192 1299 δίλφ
216 1239 272 1282 σου
298 1212 353 1281 ούκ
378 1211 440 1281 ἀπό
468 1239 549 1287 τινος
575 1205 759 1299 ζεφνρίτιδος
780 1213 960 1301 ἀρωματίζει
984 1218 1039 1300 τῆς
1061 1213 1170 1303 αύρας,
1194 1219 1230 1287 ἀκ
1253 1211 1290 1289 δὴ
1309 1226 1364 1290 τοῖο

115 1328 265 1418 λειμάνων
289 1334 344 1416 τῆς
359 1334 413 1416 σῆς
434 1326 596 1413 θειοτάτης
614 1332 723 1415 ψυχῆς,
741 1327 801 1422 ἀὴρ
825 1329 1019 1418 ἀνασκυρτιῖν
1036 1359 1083 1408 τις
1103 1331 1177 1419 ἡδύς
1187 1333 1241 1404 καῖ
1254 1337 1364 1427 εύφρό-

116 1473 206 1523 συνος
229 1443 339 1535 αύραις
353 1445 466 1533 ἡδείαις
489 1445 612 1521 ἐκείνοις
632 1447 784 1533 χαρίζεται
809 1441 862 1533 τὴν
886 1447 1050 1516 ε’πίπνοιαν.
1091 1450 1230 1520 Τοιαύτά
1246 1479 1302 1540 μοι
1325 1455 1362 1524 τά

115 1565 262 1634 σταλέντα
286 1558 372 1651 παρὰ
392 1567 447 1648 τῆς
466 1567 520 1648 σὴς
540 1559 705 1648 ἁγιωσύνης
725 1560 873 1650 ἀρτύματα
894 1563 934 1631 τὰ
956 1568 1010 1650 τῆς
1024 1566 1201 1652 εύδαέμονος
1218 1568 1365 1660 Ἀραβάις

115 1679 299 1769 ἀσυγκρίτως
323 1683 451 1748 νικσῖντα
476 1688 544 1755 ταῖς
566 1681 722 1763 εἰιπνοαῖς,
749 1684 793 1762 τῷ
817 1677 848 1747 δέ
879 1684 932 1766 τῆς
960 1685 1189 1772 μεγαλοδωρίας
1211 1693 1302 1772 ποσρῖ
1324 1684 1362 1756 τά

111 1796 252 1866 Ἀντωνία
273 1793 446 1884 δωρὴματα.
497 1799 662 1880 Προςκυνά
686 1799 757 1882 γούν
779 1800 877 1864 ταῦτα
903 1794 1063 1883 δεξάμενος
1093 1802 1149 1877 ίως
1173 1800 1289 1889 ι’δάφες
1313 1799 1364 1890 τὴν

114 1912 245 2002 μεγάλην,
274 1911 439 2002 ἁγιωσύνην
469 1937 540 1998 σου,
572 1911 828 1980 ἀνταποτιννύναι·
844 1909 885 1999 μὴ
910 1915 1026 1984 σθένων
1050 1914 1083 1985 δέ
1107 1922 1161 2003 τῆς
1182 1917 1316 2009 ἀμοιβῆς
1337 1947 1365 1989 τι

32 2046 42 2075 ’
115 2031 255 2113 ἀντάξιον
276 2030 433 2112 ἀντιδῖναί
450 2056 498 2098 σοι
521 2024 576 2116 τὴν
597 2028 776 2115 άντιδοιρίαν
797 2028 886 2109 ἀξίαν
904 2029 1004 2117 εὐχαῖς
1028 2037 1063 2102 τύ
1087 2031 1209 2104 πάντων
1227 2034 1365 2126 ύιοιριιει-

113 2151 183 2237 μένε
205 2150 350 2236 δεδέημαι.

431 2348 473 2417 ιγ.
499 2347 552 2399 ου
572 2346 651 2401 Ano
675 2347 790 2401 πονου
811 2346 917 2400 111202
939 2349 1040 2402 οιΝΑ.

215 2484 279 2553 Ούκ
300 2481 492 2570 ἐπιλήσμονες
514 2480 595 2570 ἡμεῖς
620 2483 652 2550 έν
675 2481 768 2568 κυρίῳ
792 2481 947 2569 τριφίλητι
972 2481 1083 2570 ἁδελφὲ
1108 2483 1191 2574 κύριε
1215 2487 1364 2581 Θεόδωρε,
1404 2442 1406 2467 Ι

114 2603 169 2671 ούιι
193 2599 383 2689 ἐπιλήσμονες
405 2598 487 2687 ἡμεῖς
511 2597 629 2686 ἀγούσης
648 2597 735 2685 ε’σμὰν
757 2594 808 2666 καί
837 2603 953 2685 μᾶλλον
974 2604 1030 2686 τῆς
1065 2607 1119 2688 σὴς
1142 2613 1289 2695 καθαροῖς
1313 2607 1363 2679 καὶ

114 2719 244 2800 ἀδόλου,
275 2721 363 2787 ἔνθεν
383 2743 430 2784 τοι
454 2713 528 2803 μηδὲ
554 2712 684 2785 συνούθει
711 2713 784 2802 μηδὲ
807 2713 894 2783 νύττε
920 2715 999 2802 ἡμὰς
1021 2726 1087 2794 ταῖς
1112 2732 1243 2808 γραφαῖς
1268 2723 1364 2814 ὥςπερ

113 2833 197 2915 τινάς
215 2833 283 2925 περὶ
304 2835 406 2921 φιλίαν
429 2828 546 2921 νωθρός
564 2829 614 2913 καὶ,
636 2829 815 2919 ἀμνὴμονας.
849 2832 951 2918 Ἡμεῖς
967 2833 1025 2920 γὰρ
1040 2834 1112 2903 καθ’
1135 2836 1253 2914 ἁκὰςων
1267 2840 1364 2931 ὥςπερ

112 2953 188 3042 ύπάρ
213 2953 295 3041 ἡμῶν
316 2951 417 3020 αύτοῖν
429 2948 503 3038 ύπὰρ
520 2953 581 3041 τῆς
595 2953 648 3036 σὴς
666 2946 783 3036 ἀγάπης
807 2947 1011 3038 ύιτερλαλεῖμεν
1022 2950 1101 3039 πρός
1120 2952 1174 3022 τόν
1194 2955 1365 3044 ἁγνότατον

113 3071 194 3159 ἡμύν
218 3068 363 3156 δεσπότην
387 3096 419 3137 τε
444 3064 496 3136 καί
519 3068 656 3154 πατέρα,
688 3062 746 3135 ὅσα
771 3060 808 3152 δὴ
833 3063 883 3134 καῖ
909 3046 1088 3153 δυναίμεθα.Ι
1122 3068 1309 3163 Ἀπολαβούν
1332 3075 1364 3146 δύ

112 3185 163 3259 καί
184 3184 227 3257 τὰ
249 3187 396 3257 σταλέντα
419 3212 471 3272 μοι
492 3183 636 3272 ἁγριμαῖα
657 3179 743 3268 παρὰ
758 3187 813 3279 τὴς
836 3187 891 3269 σὴς
909 3182 1114 3273 ἀδελφότητος
1135 3187 1321 3279 εύγαρίςησα
1333 3185 1363 3277 ²)

113 3310 150 3391 τῇ
179 3302 275 3401 ὅντως
292 3299 366 3391 ,περὶ
390 3300 470 3388 ἡμὰς
496 3299 641 3386 ἀδελφικὴ
666 3301 801 3368 διαθέσει
824 3297 932 3369 συκαῖ
955 3299 1004 3369 διὰ
1029 3306 1063 3370 τί
1086 3303 1238 3390 παρόντος
1259 3337 1321 3396 μου
1336 3302 1363 3395 ³)

113 3419 288 3510 γράμματος
310 3424 467 3508 προςκυνοῖ
491 3444 524 3486 σε
547 3414 598 3485 καῖ
621 3416 854 3504 κατασπάζομαι
873 3412 928 3485 τόν
949 3412 1020 3504 ε’μύν
1043 3417 1192 3506 ἀδελφόν.
1214 3420 1363 3515 Ἕρῥωσο.

148 3662 186 3713 υγ.
208 3647 274 3700 ἸῺΙ
288 3646 441 3700 ΚΑΘΗΙὈ
447 3643 593 3696 ΥΜΕΝΩΙ
610 3642 690 3695 ΤΗΣ
705 3643 780 3696 ww
793 3642 1130 3698 ΠΑΝἸὈΚΡΑΊῸΡΟΣ
1143 3649 1286 3702 ΜΟΝΗΣ
1295 3647 1329 3711 ¹).

212 3779 324 3850 Μανωά
348 3778 400 3866 μέν
425 3780 551 3863 ἐκεῖνος,
577 3774 719 3847 θειότατε
744 3779 892 3862 δέσποτα,
924 3779 956 3844 έν
979 3777 1111 3867 ὀπτασίᾳ
1135 3787 1214 3851 θεού
1235 3783 1365 3874 γεγονός

114 3896 336 3985 ἀνεφθέγξατο·
358 3894 582 3982 Ἀπολοίλαμεν,
604 3891 678 3964 θεόν
702 3893 884 3982 ἑωράκαμεν.
898 3900 1029 3971 γΤαύτα
1045 3894 1099 3984 μὲν
1119 3898 1231 3977 ἁκεῖνος
1254 3901 1364 3975 &Ma-

24 4076 27 4081 .
113 4016 186 4084 νωό·
218 4011 275 4102 ε’γὰ
300 4013 332 4082 δὲ
356 4009 411 4100 τὴν
431 4009 558 4101 σὴμερον
581 4012 714 4104 ένωπίως
737 4011 863 4080 ε’νύπιον
893 4006 946 4096 τὴν
973 4008 1028 4098 σὴν
1060 4015 1192 4085 κατιδὰν
1216 4016 1364 4111 ἁγιότητος

113 4136 150 4217 τῇ
172 4130 300 4219 ἡμετέρα
321 4132 445 4219 ἐσχατιᾷ
470 4127 675 4216 ε’νδημὴσασαν
698 4123 778 4198 κατὰ
801 4122 854 4196 τόν
869 4129 984 4197 Μωσέα
1007 4135 1061 4219 τὴς
1086 4137 1140 4220 σῆς
1163 4133 1364 4227 πεπλήρωμαι

184 4351 212 4420 1)
230 4350 253 4400 B
269 4351 525 4417 προτεπιειτπνίκοα.
546 4374 579 4387 -
597 4345 637 4402 Cf.
655 4345 752 4401 Herod.
770 4344 816 4411 111,
830 4351 945 4413 sswq.
1038 4389 1041 4392 .

185 4440 214 4509 2)
232 4440 255 4490 B
271 4433 459 4509 ηύγαρδυτησα.
550 4484 557 4489 .

184 4529 213 4598 ³)
231 4528 253 4580 Β
271 4547 327 4596 μοι.

184 4617 214 4686 ι)
233 4615 273 4671 οι
290 4609 361 4671 Ηιει
380 4621 433 4676 ιιι
452 4618 479 4668 α
496 4620 558 4674 ιιι.
585 4695 592 4721 x
634 4608 639 4617 ’
