2962 5070
498 165 787 266 ’-εσ-

52 377 299 480 μεγαλειότητος,
324 387 453 477 σἰπορίαν
477 397 544 464 ταῖς
568 387 711 475 ἀπορίαις
732 388 837 476 έτέραν
861 385 1073 474 ε’πειιεράνννον
1096 386 1148 459 καί
1169 386 1308 478 λογισμός

53 518 208 598 λογισμοῖς
222 505 485 596 προσπαλαίοντας
503 506 626 593 ίτρεφον
642 503 693 574 καί
713 503 781 574 ταδί
800 504 863 575 κατ’
884 501 1015 591 ε’μαντόν
1029 505 1195 593 ἠδολίσχιν.
1229 514 1306 576 Μῶν

54 622 229 713 ἀξννημονιί
251 652 284 693 τε
309 620 360 693 καί
383 620 538 712 βοίρβαρον
561 619 601 691 τά
624 617 701 709 πρός
726 621 812 710 λόγος
836 621 1035 700 όποτοπόσας
1057 652 1094 710 με
1115 623 1167 692 όδό
1192 630 1305 694 συλλα-

53 745 159 833 βιαίας
181 746 298 829 γραφῆς
321 736 505 825 κατηξίωσε;
527 744 591 826 μῶν
616 738 657 817 ῶς
680 722 841 827 όφοφόγοί
860 737 910 809 καί
933 738 1057 828 γάστριν
1081 742 1161 808 εἶναί
1180 770 1217 828 με
1241 744 1307 829 οιή-

53 858 122 935 θείς
145 857 265 946 ι’χθόσιν
284 856 320 925 οό
340 855 439 943 λόγοις
453 854 652 937 έδτξιῶσατος
675 862 738 941 μῶν
757 855 797 934 ῶς
816 855 832 924 ό
848 857 1038 944 Πυθαγόρας
1054 862 1305 945 πρακτικωτέρως

54 979 180 1063 έλέγχων
193 1003 231 1063 με
247 972 369 1060 ῶφωνον
385 972 517 1060 ἀφῶνοις
531 975 704 1050 ἐπιστολαῖς
718 1001 755 1059 με
769 972 920 1059 τετίμηκεν
925 1003 937 1052 ς
955 969 1001 1043 Ἢ
1012 979 1082 1043 τέτο
1095 974 1149 1061 μέν
1165 975 1304 1062 όδαμῶς·

54 1089 133 1178 πρός
157 1091 189 1160 δέ
215 1091 250 1159 τό
276 1087 412 1178 πενιχρὸν
433 1092 486 1176 ε’μῖι
509 1088 624 1160 ἀοιδῶν
639 1090 679 1167 ῶς
702 1090 916 1178 ἀνδραποδώδη
939 1089 990 1161 καὶ
1014 1091 1211 1179 ἀνελεύθερον
1235 1091 1306 1160 ἀνε-

55 1210 213 1294 λευθέροις
236 1207 346 1295 δῶροις
361 1206 457 1276 οἴεται
475 1209 587 1294 χαίρειν
608 1237 645 1294 με
652 1237 664 1285 ,·
679 1205 804 1293 Ἄπαγε,
829 1206 908 1276 πολό
929 1239 967 1295 με
983 1214 1018 1277 τό
1036 1207 1131 1296 τρόπιν
1148 1207 1307 1294 διήμαρτες

54 1324 107 1395 καὶ
131 1331 185 1411 τῆς
211 1323 455 1411 ἐλευθεριότητος
476 1325 656 1410 έπιλέλησαι,
683 1325 716 1392 δι’
734 1321 769 1412 ἣν
788 1322 912 1412 ἀρχικός
926 1353 957 1393 τε
977 1316 1002 1408 1)
1029 1325 1185 1413 διατριβὰς
1201 1354 1305 1412 παρω-

56 1441 185 1528 σάμενος
200 1438 251 1509 καλ
272 1443 419 1528 βασιλέων
438 1441 594 1527 λατρείας,
613 1438 664 1509 καὶ
680 1441 770 1525 ἀρκεῖ
779 1470 831 1526 μοι
849 1420 941 1528 μικροί
960 1443 1128 1529 προςειπῶν
1140 1437 1190 1510 καί
1204 1439 1306 1510 πλειό-

56 1588 116 1628 νων
140 1559 344 1651 ἀνελευθέρως
368 1557 405 1625 οὗ
429 1560 585 1644 κέχρημαι,
610 1556 790 1645 ηρετισόμην
813 1560 879 1646 βίον
900 1559 953 1625 τόν
977 1555 1114 1646 πενιχρὸν
1137 1555 1188 1626 καί
1214 1556 1306 1644 έγγῶ-

55 1704 127 1746 νιον.
182 1673 321 1752 Τοιότοίς
345 1671 422 1743 τισὶν
449 1657 708 1759 ἀλλοπροςάλλόις
730 1674 922 1762 ἀπεμαχόμην
945 1687 1007 1751 τοῖς
1029 1681 1194 1761 λογισμοῖς·
1227 1673 1308 1759 ὅμως

55 1791 144 1879 μόλἰς
175 1791 248 1860 ποτέ
276 1796 321 1874 τῶ
352 1795 465 1875 τρισσῷ
494 1796 554 1881 τῶν
581 1790 694 1877 ἰχθύων
722 1788 774 1859 τὸν
805 1793 896 1878 μέγαν
921 1793 1058 1879 ἀρχιερέα
1084 1797 1126 1874 τῶ
1150 1788 1224 1858 ’ὄντι
1246 1789 1308 1858 ,καὶ

57 1905 222 1996 λατρεντην
246 1912 300 1994 τῆς
322 1905 444 1994 τριάδος
465 1908 601 1991 ἐπέγνων,
627 1907 668 1984 ῶς
690 1905 739 1975 καί
763 1904 815 1984 τός
835 1909 955 1995 ἀφῶνες
973 1908 1089 1996 ι’χθόας.
1101 1905 1309 1996 μεταβιβῶζειν

56 2023 134 2114 πρός
159 2025 194 2094 τό
221 2011 403 2094 λαλίστατοι
427 2020 478 2091 καί
503 2029 601 2091 ταῦτα
625 1995 798 2112 βαρβάρόνς
823 2024 873 2093 καὶ
896 2023 956 2114 πρό
982 2032 1098 2094 πολλοῦ
1123 2010 1310 2111 τεθνηκότας

56 2141 108 2212 καὶ
133 2149 172 2229 τη”
197 2140 364 2229 ταριχεόσει
391 2139 601 2229 ἀποβαλόντας
621 2138 655 2208 τό
682 2141 806 2220 ζωτικόν
827 2171 860 2210 τε
886 2141 936 2211 καὶ
961 2144 1092 2229 ἔκαμον
1116 2136 1224 2229 μσνονέ
1250 2141 1308 2227 γάρ
1394 2230 1397 2234 ι

56 2259 156 2345 ῶςπερ
178 2287 225 2335 τις
244 2256 344 2347 γραφη
364 2256 539 2344 διαπρόσιος
560 2255 610 2326 καὶ
627 2257 667 2334 ῶς
687 2256 780 2346 κῆρόξ
802 2287 848 2336 τις
862 2259 1075 2347 μεγαλόφωνος
1100 2257 1229 2349 ἀνεβόων
1246 2285 1308 2344 μοι,

57 2375 101 2451 ῶς
127 2375 215 2463 όγιῶς
232 2377 303 2463 έχεις
318 2404 370 2460 μοι
393 2374 410 2460 ἡ
437 2369 502 2459 ιἐρόι
527 2370 641 2460 κεφαλὴ
660 2374 710 2442 καὶ
736 2379 842 2455 δεξιοῖς
863 2405 899 2462 με
924 2385 1020 2454 τοῖςδε
1041 2387 1105 2452 τοῖς
1130 2374 1308 2461 δωρήμασιν.

56 2491 137 2563 Είθε
162 2491 193 2561 δέ
224 2491 274 2561 καί
301 2491 317 2559 ό
343 2491 484 2577 ἡμέτερος
507 2503 592 2568 θεῖος
622 2490 753 2577 ὑγιεινῶς
777 2495 835 2578 έχοι
862 2492 912 2562 καὶ
937 2494 1047 2571 πάντες
1078 2492 1144 2563 ὅσοι
1173 2497 1310 2561 τελοῦσιν
1417 2580 1420 2587 Ι

57 2609 117 2678 όπό
144 2609 199 2696 τῆν
223 2603 277 2695 ση“ν
302 2607 454 2694 ἀγιότητα·
508 2605 551 2676 Τό
573 2608 672 2694 παρόν
691 2607 812 2695 γράμμα
842 2609 898 2697 την
926 2608 979 2696 σίην
1003 2621 1160 2697 προςκανεῖ
1180 2607 1309 2696 μεγάλην

57 2725 225 2813 ἀγιωσόνην
250 2724 291 2802 ῶς
315 2724 363 2793 ἀπ’
391 2727 443 2810 έμέ
465 2721 516 2792 καί
541 2723 648 2811 πόσης,
663 2726 963 2813 ε’μῆςιάδελφότητος
985 2725 1035 2796 καὶ
1062 2734 1138 2796 πᾶσι
1158 2752 1308 2813 προςαγο-

58 2841 140 2928 ρεόει
163 2853 227 2919 τοῖς
251 2838 308 2910 όπό
333 2839 366 2909 σό
391 2838 442 2909 καὶ
467 2839 521 2910 σὺν
541 2843 599 2911 σοί.
643 2844 757 2930 Τηροιή
780 2846 815 2913 δέ
835 2872 868 2913 σε
895 2840 969 2922 θεός
992 2843 1219 2932 μακροχρόνιον,
1240 2844 1308 2930 ὑγιᾶ

58 2988 93 3030 τε
117 2958 168 3029 καὶ
189 2956 308 3043 ἀνοσον,
331 2957 384 3026 τόν
407 2955 485 3046 ἱερόν
510 2959 641 3045 ἀρίστας
662 2962 802 3028 διέποντα
823 2959 937 3049 θρόνον
958 2958 1009 3028 καὶ
1036 2960 1239 3049 νανκληρόντνί
1264 2989 1307 3030 σε.

99 3195 129 3245 μ.
158 3178 223 3229 ΤΩΙ
242 3178 410 3263 Afflml
432 3178 504 3230 Tor
525 3177 887 3233 ΠΡΩἸΌΒΕΣΊῚΑΡΙΟΤ
906 3181 1045 3231 ΚῪΡΙΩΙ
1065 3179 1229 3236 ΛΛΕΞΙΩΙ
1240 3174 1272 3244 ²).

156 3302 191 3371 Ὁ
210 3302 262 3388 μέν
286 3297 436 3391 φεραογής
461 3302 596 3390 ἀστρῷος
619 3300 720 3390 ἥλιος,
753 3301 778 3372 ῶ
804 3306 963 3392 θεοτίμητε
989 3310 1139 3390 δέσποτα,
1164 3302 1231 3392 περί
1256 3299 1310 3372 τόν

58 3419 163 3491 νότιον
183 3417 279 3488 πόλον
301 3419 530 3506 μεταναστεόων
550 3417 600 3488 καὶ
626 3417 679 3488 τόν
705 3420 867 3509 αἰγόκερων
893 3421 1033 3510 ἀμβλόνει
1057 3422 1110 3508 μέν
1135 3427 1194 3490 τῶν
1220 3424 1310 3489 έαοτό

58 3541 245 3624 σελαγισμῶν
259 3528 291 3626 ὅ)
317 3542 377 3605 πᾶν
402 3534 438 3605 τό
463 3533 530 3621 περί
554 3535 631 3623 ἡμᾶς
651 3541 722 3605 τότο
740 3538 894 3624 περίγειον,
920 3539 1077 3627 περιψύχει
1101 3538 1133 3606 δὲ
1157 3539 1209 3607 τόν
1234 3537 1310 3623 νἰέρα

58 3659 97 3740 τη
123 3650 290 3723 ἀποστάσει
316 3651 597 3751 καίμεριπόγννσι*
623 3659 659 3722 σέ
678 3654 709 3722 δέ
728 3651 803 3742 πρός
821 3653 860 3722 τό
886 3655 1041 3739 εόρωπαῖα
1061 3656 1135 3741 μέρη
1160 3650 1201 3721 τόι
1226 3652 1311 3723 νότια
1417 3682 1420 3688 ·

59 3775 96 3840 τό
120 3767 238 3856 έμφόχε
261 3797 313 3855 μοι
337 3768 483 3857 φωσφόρε
507 3767 811 3856 μεταναστεόσοιντος,
837 3771 899 3847 οἷος
924 3769 989 3857 ἐμοὶ
1014 3771 1030 3839 ό
1055 3769 1167 3858 κρυμός
1181 3762 1235 3860 4),
1260 3768 1310 3839 σία

59 3885 94 3955 δὲ
119 3885 256 3974 ἀβλεψία
278 3884 336 3963 τῶς
360 3883 415 3963 σάς
441 3886 563 3964 ἀκτῖνας
577 3883 617 3974 μη
635 3893 818 3974 καθορῶντι,
844 3888 907 3956 ἀλλ’
929 3887 991 3974 είης
1013 3887 1033 3955 ό
1054 3889 1125 3974 έμός
1149 3885 1312 3974 φωσφόρος

59 4003 235 4092 ι’βρωμένως
259 4001 381 4080 δενκνός
404 4004 461 4082 τός
486 4001 580 4091 αόγόις
604 4001 655 4073 καὶ
682 4002 782 4091 μηδενί
811 4012 956 4094 μηδαμῶς
981 4009 1060 4091 νέφει
1088 4010 1148 4074 τῶν
1181 4004 1311 4092 ἀνιαρῶν

59 4292 62 4297 .
134 4252 162 4321 1)
180 4252 202 4304 B
221 4269 272 4305 om.
288 4272 327 4308 τι.

133 4342 161 4410 2)
180 4340 219 4392 Os.
238 4341 316 4407 nist,
326 4344 386 4400 188.

133 4428 162 4496 ὅ)
180 4428 226 4480 AB
245 4426 344 4481 Schola
362 4421 568 4495 Σιλαγηιομῶν·
584 4423 749 4498 Σελαγννμόε
766 4422 899 4497 Ἀττικῶν
917 4449 935 4482 ι.

133 4519 162 4588 4)
180 4517 227 4568 AB
250 4509 377 4586 κρομμόι.
414 4515 511 4584 Scripsi
534 4511 645 4585 ιριιμόι,
670 4516 759 4584 algor,
783 4517 875 4585 frigus.
911 4517 1062 4585 Hesychius
1085 4514 1165 4570 habet
1186 4511 1310 4588 ιιρνμνότ,

60 4607 131 4660 unde
149 4608 168 4658 f.
187 4607 304 4658 derivata
321 4606 400 4658 lectio
417 4612 563 4658 nostrorum
580 4606 705 4658 librorum
722 4623 770 4658 ms.
788 4600 914 4676 κρομμότ.

1047 4691 1097 4755 3*
