2962 5070
616 226 849 297 ..ι-21...-

110 414 145 485 δὺ
169 411 223 502 τήν
240 409 391 502 Εύρώπην
412 410 581 500 όΝόγονός
598 440 632 482 τε
648 410 665 481 ό
683 412 837 491 θετταλός
856 410 908 485 καὶ
929 411 946 484 ό
964 408 1086 493 άττίκός
1099 415 1238 495 Ἰλισσός.
1272 417 1368 489 Ταυτὶ
1395 473 1398 477 -

108 532 146 602 δὲ
169 532 247 618 εἰρεῖν
263 529 510 618 ουνειςρεύσαντα
529 525 666 617 ποταμὺς
687 528 869 616 ναυσιπόρος
883 529 1047 616 ε’ργάζεται.
1080 528 1138 601 Ἂν
1157 533 1188 603 δὲ
1206 533 1257 604 καί
1281 532 1369 613 ὑετὺς

110 647 245 736 όρανόθε
265 638 293 729 1)
320 644 495 734 καταῤῥαγή
524 643 575 714 καί
604 656 669 722 τοῖς
696 656 847 732 ποταμοῖς
874 646 998 724 ἐκείνοις
1022 646 1170 736 συᾷῥιύση
1195 649 1273 740 πρός
1296 655 1369 741 μίαν

109 763 312 852 μισγάγκειαν,
335 761 431 832 πόσον
451 770 548 838 δοκεῖς
572 789 624 849 μοι
649 763 718 831 τότε
733 765 976 851 προςπελαγίζειν
996 764 1167 834 κλυδώνιον.
1202 767 1281 836 Ἀλλ’
1302 769 1367 837 οίκ-

110 880 213 968 τειρόν
239 908 277 966 με
301 877 352 948 καὶ
377 879 555 967 ἀμφοτέρων
585 885 646 948 τών
672 884 818 968 δυςγερών
848 879 956 966 ἐξάντη
982 880 1189 979 κατάστησον,
1222 884 1289 954 ἀντὶ
1314 886 1369 970 μίν

110 997 229 1085 χόρτων
248 993 412 1083 άνθρώπες
436 994 658 1082 άντενοικήσας,
681 994 800 1083 ρ’ᾳόνας
823 996 855 1064 δὲ
880 995 931 1065 καὶ
955 1002 992 1065 τᾶ
1015 996 1170 1086 ὑπερθύρε
1190 1001 1368 1088 μετοχετεύ-

99 1143 171 1191 ’σας
193 1113 249 1190 τίς
270 1111 385 1200 όγετύς.
425 1111 471 1179 Ού
495 1109 551 1200 γάρ
574 1110 672 1196 ὥςπερ
698 1114 807 1189 ι’κεῖνος
827 1112 1026 1201 Ἀλέξανδρος
1050 1112 1155 1204 Θήβας
1176 1115 1250 1195 ὅλας
1270 1147 1368 1186 κατα-

111 1233 281 1317 σκαφείσας
304 1228 338 1298 δι’
359 1224 497 1314 ἀθλητήν
521 1230 553 1305 ἐς
573 1225 626 1296 τόν
643 1228 769 1315 άργαῖον
790 1228 877 1317 βιώζη
896 1229 1007 1315 κόσμον
1026 1230 1296 1318 ἕπανασώσαοθαι,
1319 1235 1372 1302 ίδί

111 1376 144 1438 γε
173 1343 225 1416 διὰ
247 1345 343 1433 σοφόν
359 1346 557 1431 Σταγειρίτην
583 1350 637 1429 τῆς
653 1342 817 1421 Ὀλυνθίας
833 1345 923 1415 πόλιν
940 1345 995 1431 τήν
1010 1346 1192 1436 Στάγειρον,
1217 1348 1266 1417 ὁδ’
1288 1349 1330 1427 ώς
1350 1351 1367 1418 ό

110 1471 307 1551 Πτολεμαῖος
328 1465 540 1547 μετοχετιῦσαι
566 1460 689 1547 ῥεῖθρον
712 1460 748 1528 τό
775 1461 882 1528 νείλιον
897 1454 944 1542 2)·
975 1469 1030 1550 μιᾷ
1055 1463 1088 1532 δὲ
1117 1463 1209 1532 πλακί
1235 1469 1368 1554 πηγυαίᾳ
1456 1553 1458 1559 Ι

112 1581 198 1668 τρισί
215 1607 249 1648 τε
271 1578 409 1664 κοφίνοις
432 1577 580 1666 ἀσβέστου
605 1583 647 1660 τῷ
672 1576 833 1663 λιγδολόγιρ
853 1576 1063 1665 προςτεταγώς
1088 1577 1140 1667 τήν
1164 1581 1231 1667 περὶ
1257 1580 1369 1667 τούμὸν

111 1695 298 1785 ὑπερθύριον
322 1691 455 1781 άλγηρόιν
472 1692 584 1778 ταύτην
601 1691 744 1780 ε’πιρῥοήν
760 1693 977 1779 άπετρείμειας.
1014 1695 1048 1763 '0
1067 1692 1126 1784 γάρ
1147 1694 1267 1766 άνοοθεν
1287 1699 1369 1784 ήμών

111 1810 166 1890 τίις
191 1810 294 1899 όγετός
316 1809 498 1895 κατασύρων
523 1808 674 1896 ὑπόνομος
699 1811 861 1894 ε’δαφιαίαυ
882 1803 911 1891 ³)
933 1810 1001 1879 τινά
1026 1812 1130 1880 πλάκα
1156 1814 1198 1889 ώς
1219 1817 1370 1901 πηγυαίαν

111 1925 149 1999 τό
171 1930 301 2015 μίγεθος
320 1928 556 2015 παρασίσεισται
579 1924 647 2013 περὶ
669 1925 705 1994 τό
732 1924 816 2012 ἡμῶν
830 1918 860 2009 4)
886 1927 1085 2015 ὑπερθύριον·
1112 1924 1148 2015 ής
1168 1935 1258 2015 τήσή
1284 1931 1370 2000 άντι-

111 2045 205 2132 λήψει
229 2043 478 2131 καινεργηθείσης
509 2048 564 2129 τῆς
586 2040 729 2128 τοιαύτης
753 2044 893 2130 ἐπηρείας
920 2044 990 2112 καθ’
1024 2042 1212 2132 ὑλοσγίρειαν
1237 2046 1369 2134 ἀποτρί-

111 2189 210 2249 γομεν.

184 2388 226 2435 τε.
255 2385 326 2437 σαι
349 2382 575 2436 Ειιιειιοιιαι
597 2381 918 2435 ΚΛοιιουιΝιιτ-ιισ
940 2385 1076 2437 mm
1098 2385 1248 2440 Λσοανι
1263 2374 1297 2455 ⁶).

213 2533 346 2620 Γράμμα
370 2540 425 2618 τῆς
447 2540 501 2619 σής
526 2531 690 2620 ἁγιωσύνης
697 2586 705 2618 ,
732 2532 876 2620 ἱερώτατε
890 2525 920 2614 6)
947 2536 1089 2615 δέσποτα,
1114 2533 1191 2623 πρός
1213 2537 1269 2624 τήν
1294 2537 1367 2624 ήμε·

111 2654 205 2740 τίραν
227 2649 446 2737 καταπεμφθόν
470 2648 668 2736 ίλαγιςότητα
689 2647 740 2718 καὶ
765 2650 921 2719 ούθίνειαν
946 2652 989 2728 είς
1001 2663 1104 2739 χεῖρας
1127 2650 1202 2737 ε’μάς
1225 2654 1369 2740 ἐδεξάμην

113 2769 213 2858 ώςιιερ
237 2764 357 2856 ίαρινήν
378 2765 515 2854 χελιδόνα
540 2767 698 2836 εύκιλαδον
722 2765 773 2834 καὶ
804 2769 1025 2854 κατεμελίτασί
1043 2796 1102 2854 μου
1128 2771 1186 2846 τάς
1211 2769 1307 2847 άκοάς
1327 2763 1368 2855 7).

114 2893 164 2972 Τή
188 2883 245 2973 γάρ
271 2883 404 2970 συνθήκη
428 2889 490 2952 τών
520 2883 616 2971 λόγων
640 2875 827 2974 περιεβόμβει
854 2885 890 2951 τό
921 2882 1015 2962 άλσος
1043 2892 1097 2972 τῆς
1121 2893 1293 2974 συγγραφῆς
1318 2886 1369 2956 καὶ

113 3003 240 3088 σἰτεικής
263 3003 427 3086 ἐνεπίμπλα
451 3028 487 3084 με
512 2998 563 3069 καὶ
592 3000 722 3091 άκριβώς
743 3000 938 3070 ὑπεδείκνυεν
963 3001 1004 3078 ώς
1028 3001 1073 3090 είη
1103 3005 1231 3091 γίννημα
1253 3004 1371 3091 πατρός

114 3120 221 3191 άττιιιό
248 3117 299 3188 καὶ
324 3118 496 3194 Πανδίονος
514 3115 565 3186 καί
586 3120 708 3205 Τηρίοες
724 3115 775 3186 καὶ
796 3117 938 3205 Πρόκνης
959 3147 996 3205 με
1022 3119 1216 3205 ἀνεμίμνησκε
1239 3119 1290 3188 καὶ
1312 3118 1370 3189 ὅσα

113 3234 360 3324 μεμυθολόγηται
376 3224 407 3314 8)
437 3235 547 3303 άττικιὶ
575 3234 757 3322 διηγήματα,
790 3232 941 3322 τοσαύτην
968 3234 1090 3323 ἀπίρῥει
1110 3231 1146 3302 τό
1171 3235 1293 3323 γράμμα
1318 3234 1373 3322 τήν

112 3353 232 3440 ήδυνήν,
253 3349 361 3421 τοσλτό
382 3381 421 3437 με
442 3356 478 3438 τή
500 3357 579 3439 ψυχή
605 3350 785 3437 θελκτήριον
798 3350 889 3438 γάνος
913 3352 1076 3431 ε’νίσταξεν.
1113 3351 1167 3427 Ὡς
1185 3351 1216 3420 δὲ
1236 3350 1286 3420 καὶ
1304 3353 1372 3440 ὑγιᾶ

115 3497 149 3539 σε
174 3467 224 3538 καὶ
252 3466 363 3537 άνοσον
384 3465 439 3538 τὸν
463 3467 626 3557 ἱερώτατον
650 3468 730 3536 εἶναί
747 3495 798 3552 μοι
820 3468 968 3554 δεσπότην
986 3467 1173 3555 κατήγγειλεν
1186 3460 1227 3552 ⁹),
1254 3470 1298 3536 ίτι
1318 3497 1370 3554 μοι

111 3589 232 3674 μάλλον
253 3583 399 3671 ε’πηύξανε
419 3584 455 3653 τό
473 3586 671 3673 τερψίθυμον.
709 3585 776 3655 Δύο
795 3587 828 3656 δὲ
853 3585 894 3664 ώς
915 3573 1009 3656 ἔοικεν
1030 3583 1267 3672 ἡψευδάγγελος
1286 3584 1369 3671 φήμη

187 3805 215 3872 1)
235 3804 257 3853 Β
275 3795 419 3870 ύρανόθεν.

187 3893 214 3961 2)
234 3891 281 3942 AB
300 3890 401 3943 SohuL:
419 3886 539 3944 Νείλιον·
558 3889 663 3953 Νεῖλος,
682 3889 777 3953 νείλιε,
796 3889 946 3964 δίφθογγον
963 3900 1007 3948 καὶ
1027 3909 1056 3946 ν·
1073 3888 1191 3961 Νηλεύς,
1210 3888 1335 3962 Νήλειεν,
1353 3913 1370 3959 η

113 3986 160 4034 ιεαλ
178 3976 335 4049 δίφθογγον.

100 4135 103 4140 ,
187 4072 215 4139 3)
234 4068 274 4122 cf.
292 4068 380 4121 Tzetz.
399 4065 468 4119 chil.
485 4066 533 4132 111,
553 4075 614 4126 211.

186 4159 215 4226 4)
235 4156 260 4207 Α
277 4152 363 4223 ὑμεῖν.

187 4246 215 4315 5)
233 4244 277 4297 θλ·
290 4244 360 4297 Hist.
379 4251 431 4303 142
451 4259 534 4312 usque
553 4243 586 4297 εδ
604 4244 674 4300 Ηῐει.
692 4252 753 4305 150.

188 4336 217 4404 6)
234 4334 256 4384 Β
275 4326 418 4394 θειότατε,
437 4331 485 4384 sed
502 4334 676 4402 superscripto
694 4328 834 4402 ἱερώτατε.

189 4425 217 4492 7)
237 4421 276 4473 cf.
295 4421 388 4489 Synna.
405 4438 432 4490 p.
452 4427 486 4480 38
503 4420 552 4476 D.=
570 4419 779 4491 κατομελιτύντι
796 4419 845 4478 τότ
863 4416 995 4478 άπόντιυν
1013 4416 1098 4478 α’κοώτ
1117 4412 1273 4491 διηγήματε·

187 4514 216 4581 ε)
235 4512 257 4563 Β
275 4505 508 4579 νιννθονδιυτνι·

188 4602 215 4670 9)
233 4601 256 4652 Β
274 4591 442 4670 κατήγγελεν.
